<?xml version="1.0" encoding="UTF-8"?>
<!DOCTYPE html PUBLIC "-//W3C//DTD XHTML 1.0 Transitional//EN"
    "http://www.w3.org/TR/xhtml1/DTD/xhtml1-transitional.dtd">
<html xmlns="http://www.w3.org/1999/xhtml" xml:lang="en" lang="en">
 <head>
  <title>
</title>
<meta http-equiv="Content-Type" content="text/html;charset=utf-8" />
  <meta name='ocr-system' content='tesseract 3.04.00' />
  <meta name='ocr-capabilities' content='ocr_page ocr_carea ocr_par ocr_line ocrx_word'/>
</head>
<body>
  <div class='ocr_page' id='page_1' title='image "4766859_0024.png"; bbox 0 0 2908 3552; ppageno 0'>
   <div class='ocr_carea' id='block_1_1' title="bbox 1294 132 1781 193">
    <p class='ocr_par' dir='ltr' id='par_1_1' title="bbox 1294 132 1781 193">
     <span class='ocr_line' id='line_1_1' title="bbox 1294 132 1781 193; baseline 0.006 -2"><span class='ocrx_word' id='word_1_1' title='bbox 1294 158 1385 177; x_wconf 78' lang='lat'>·-</span> <span class='ocrx_word' id='word_1_2' title='bbox 1484 132 1589 193; x_wconf 56' lang='lat' dir='ltr'>³1ss</span> <span class='ocrx_word' id='word_1_3' title='bbox 1686 161 1781 180; x_wconf 90' lang='lat'><em>··--</em></span> 
     </span>
    </p>
   </div>
   <div class='ocr_carea' id='block_1_2' title="bbox 317 271 2740 3224">
    <p class='ocr_par' dir='ltr' id='par_1_2' title="bbox 317 271 2740 3224">
     <span class='ocr_line' id='line_1_2' title="bbox 328 271 2738 352; baseline -0.001 -20"><span class='ocrx_word' id='word_1_4' title='bbox 328 289 387 333; x_wconf 69' lang='lat' dir='ltr'>-et</span> <span class='ocrx_word' id='word_1_5' title='bbox 402 272 603 346; x_wconf 65' lang='lat' dir='ltr'>&#39;irfldeii&#39;</span> <span class='ocrx_word' id='word_1_6' title='bbox 636 271 835 352; x_wconf 62' lang='lat' dir='ltr'>putantJ,</span> <span class='ocrx_word' id='word_1_7' title='bbox 866 273 964 330; x_wconf 79' lang='lat' dir='ltr'>nec</span> <span class='ocrx_word' id='word_1_8' title='bbox 980 272 1366 345; x_wconf 61' lang='lat' dir='ltr'>pri-isilberhtum</span> <span class='ocrx_word' id='word_1_9' title='bbox 1389 289 1512 337; x_wconf 76' lang='lat' dir='ltr'>esse,</span> <span class='ocrx_word' id='word_1_10' title='bbox 1546 280 1888 344; x_wconf 74' lang='lat' dir='ltr'>quamscriptts</span> <span class='ocrx_word' id='word_1_11' title='bbox 1907 280 1955 328; x_wconf 85' lang='lat' dir='ltr'>ln</span> <span class='ocrx_word' id='word_1_12' title='bbox 1976 277 2364 332; x_wconf 66' lang='lat' dir='ltr'>eai&#39;bere‘duabus</span> <span class='ocrx_word' id='word_1_13' title='bbox 2385 278 2738 332; x_wconf 58' lang='lat' dir='ltr'>maliem</span> 
     </span>
     <span class='ocr_line' id='line_1_3' title="bbox 329 346 2738 417; baseline -0.001 -16"><span class='ocrx_word' id='word_1_14' title='bbox 329 355 388 400; x_wconf 70' lang='lat' dir='ltr'>‘et</span> <span class='ocrx_word' id='word_1_15' title='bbox 419 349 595 401; x_wconf 81' lang='lat' dir='ltr'>Leonte</span> <span class='ocrx_word' id='word_1_16' title='bbox 626 351 727 417; x_wconf 82' lang='lat' dir='ltr'>ipsa</span> <span class='ocrx_word' id='word_1_17' title='bbox 760 348 838 399; x_wconf 86' lang='lat' dir='ltr'>illa</span> <span class='ocrx_word' id='word_1_18' title='bbox 873 347 990 398; x_wconf 84' lang='lat' dir='ltr'>di&#39;cta</span> <span class='ocrx_word' id='word_1_19' title='bbox 1027 354 1073 397; x_wconf 91' lang='lat' dir='ltr'>et</span> <span class='ocrx_word' id='word_1_20' title='bbox 1103 348 1395 412; x_wconf 71' lang='lat' dir='ltr'>petulantias,</span> <span class='ocrx_word' id='word_1_21' title='bbox 1430 346 1590 411; x_wconf 81' lang='lat' dir='ltr'>quibus</span> <span class='ocrx_word' id='word_1_22' title='bbox 1625 346 1788 396; x_wconf 80' lang='lat' dir='ltr'>multos</span> <span class='ocrx_word' id='word_1_23' title='bbox 1821 354 1932 396; x_wconf 80' lang='lat' dir='ltr'>ante</span> <span class='ocrx_word' id='word_1_24' title='bbox 1960 348 2174 411; x_wconf 79' lang='lat' dir='ltr'>laeserat,</span> <span class='ocrx_word' id='word_1_25' title='bbox 2215 351 2430 400; x_wconf 70' lang='lat' dir='ltr'>diluisset.</span> <span class='ocrx_word' id='word_1_26' title='bbox 2468 347 2738 399; x_wconf 64' lang='lat' dir='ltr'>urnam-ia</span> 
     </span>
     <span class='ocr_line' id='line_1_4' title="bbox 340 415 2739 485; baseline -0.001 -17"><span class='ocrx_word' id='word_1_27' title='bbox 340 417 608 485; x_wconf 82' lang='lat' dir='ltr'>Terentius,</span> <span class='ocrx_word' id='word_1_28' title='bbox 630 433 776 484; x_wconf 19' lang='lat' dir='ltr'>*quem</span> <span class='ocrx_word' id='word_1_29' title='bbox 812 424 858 466; x_wconf 92' lang='lat' dir='ltr'>et</span> <span class='ocrx_word' id='word_1_30' title='bbox 890 423 1078 482; x_wconf 88' lang='lat' dir='ltr'>propter</span> <span class='ocrx_word' id='word_1_31' title='bbox 1111 417 1252 481; x_wconf 89' lang='lat' dir='ltr'>ipsius</span> <span class='ocrx_word' id='word_1_32' title='bbox 1287 415 1624 481; x_wconf 70' lang='lat' dir='ltr'>professionem</span> <span class='ocrx_word' id='word_1_33' title='bbox 1659 417 1777 464; x_wconf 86' lang='lat' dir='ltr'>artis·</span> <span class='ocrx_word' id='word_1_34' title='bbox 1802 422 1859 464; x_wconf 60' lang='lat' dir='ltr'>et«</span> <span class='ocrx_word' id='word_1_35' title='bbox 1873 423 2072 482; x_wconf 69' lang='lat' dir='ltr'>⁴propter</span> <span class='ocrx_word' id='word_1_36' title='bbox 2100 426 2329 467; x_wconf 78' lang='lat' dir='ltr'>summam</span> <span class='ocrx_word' id='word_1_37' title='bbox 2357 421 2457 468; x_wconf 87' lang='lat' dir='ltr'>eius</span> <span class='ocrx_word' id='word_1_38' title='bbox 2489 419 2739 467; x_wconf 72' lang='lat' dir='ltr'>anctorita-</span> 
     </span>
     <span class='ocr_line' id='line_1_5' title="bbox 330 484 2740 550; baseline -0.002 -13"><span class='ocrx_word' id='word_1_39' title='bbox 330 495 431 538; x_wconf 75' lang='lat' dir='ltr'>tem</span> <span class='ocrx_word' id='word_1_40' title='bbox 465 485 618 536; x_wconf 83' lang='lat' dir='ltr'>iudicii</span> <span class='ocrx_word' id='word_1_41' title='bbox 652 487 797 535; x_wconf 86' lang='lat' dir='ltr'>nostri</span> <span class='ocrx_word' id='word_1_42' title='bbox 830 490 1038 534; x_wconf 84' lang='lat' dir='ltr'>normam</span> <span class='ocrx_word' id='word_1_43' title='bbox 1072 484 1293 547; x_wconf 84' lang='lat' dir='ltr'>quandam</span> <span class='ocrx_word' id='word_1_44' title='bbox 1330 491 1376 532; x_wconf 89' lang='lat' dir='ltr'>et</span> <span class='ocrx_word' id='word_1_45' title='bbox 1410 485 1538 547; x_wconf 83' lang='lat' dir='ltr'>quasi</span> <span class='ocrx_word' id='word_1_46' title='bbox 1573 485 1784 532; x_wconf 78' lang='lat' dir='ltr'>amussim</span> <span class='ocrx_word' id='word_1_47' title='bbox 1817 497 1925 532; x_wconf 86' lang='lat' dir='ltr'>esse</span> <span class='ocrx_word' id='word_1_48' title='bbox 1957 485 2206 546; x_wconf 77' lang='lat' dir='ltr'>voluimus,</span> <span class='ocrx_word' id='word_1_49' title='bbox 2234 487 2497 550; x_wconf 48' lang='lat' dir='ltr'>quiqam-si</span> <span class='ocrx_word' id='word_1_50' title='bbox 2522 487 2667 535; x_wconf 74' lang='lat' dir='ltr'>‘certis</span> <span class='ocrx_word' id='word_1_51' title='bbox 2691 486 2740 533; x_wconf 89' lang='lat' dir='ltr'>in</span> 
     </span>
     <span class='ocr_line' id='line_1_6' title="bbox 329 551 2740 617; baseline -0 -12"><span class='ocrx_word' id='word_1_52' title='bbox 329 554 573 606; x_wconf 72' lang='lat' dir='ltr'>‘servando</span> <span class='ocrx_word' id='word_1_53' title='bbox 608 569 739 602; x_wconf 89' lang='lat' dir='ltr'>more</span> <span class='ocrx_word' id='word_1_54' title='bbox 774 552 957 601; x_wconf 82' lang='lat' dir='ltr'>Graeco</span> <span class='ocrx_word' id='word_1_55' title='bbox 991 551 1169 615; x_wconf 86' lang='lat' dir='ltr'>legibus</span> <span class='ocrx_word' id='word_1_56' title='bbox 1205 552 1534 617; x_wconf 75' lang='lat' dir='ltr'>circumscripti</span> <span class='ocrx_word' id='word_1_57' title='bbox 1568 551 1758 600; x_wconf 81' lang='lat' dir='ltr'>fuissent</span> <span class='ocrx_word' id='word_1_58' title='bbox 1779 558 1944 616; x_wconf 82' lang='lat' dir='ltr'>poetae</span> <span class='ocrx_word' id='word_1_59' title='bbox 1967 551 2178 614; x_wconf 83' lang='lat' dir='ltr'>Romani,</span> <span class='ocrx_word' id='word_1_60' title='bbox 2211 553 2740 614; x_wconf 75' lang='lat' dir='ltr'>sine-ulla-dubitatione,</span> 
     </span>
     <span class='ocr_line' id='line_1_7' title="bbox 329 619 2740 690; baseline -0.002 -16"><span class='ocrx_word' id='word_1_61' title='bbox 329 625 532 690; x_wconf 79' lang='lat' dir='ltr'>opinor,</span> <span class='ocrx_word' id='word_1_62' title='bbox 584 622 763 671; x_wconf 85' lang='lat' dir='ltr'>Graeca</span> <span class='ocrx_word' id='word_1_63' title='bbox 796 621 943 672; x_wconf 86' lang='lat' dir='ltr'>verba</span> <span class='ocrx_word' id='word_1_64' title='bbox 976 635 1092 685; x_wconf 88' lang='lat' dir='ltr'>pure</span> <span class='ocrx_word' id='word_1_65' title='bbox 1125 628 1170 668; x_wconf 91' lang='lat' dir='ltr'>et</span> <span class='ocrx_word' id='word_1_66' title='bbox 1203 621 1387 669; x_wconf 85' lang='lat' dir='ltr'>sincere</span> <span class='ocrx_word' id='word_1_67' title='bbox 1419 622 1467 669; x_wconf 93' lang='lat' dir='ltr'>in</span> <span class='ocrx_word' id='word_1_68' title='bbox 1499 619 1727 685; x_wconf 83' lang='lat' dir='ltr'>palliatam</span> <span class='ocrx_word' id='word_1_69' title='bbox 1759 620 2083 683; x_wconf 81' lang='lat' dir='ltr'>transtulisset,</span> <span class='ocrx_word' id='word_1_70' title='bbox 2134 634 2290 671; x_wconf 85' lang='lat' dir='ltr'>nonne</span> <span class='ocrx_word' id='word_1_71' title='bbox 2328 620 2740 681; x_wconf 64' lang='lat' dir='ltr'>dudm-nimai·-</span> 
     </span>
     <span class='ocr_line' id='line_1_8' title="bbox 335 687 2740 755; baseline -0.001 -11"><span class='ocrx_word' id='word_1_72' title='bbox 335 692 534 753; x_wconf 55' lang='lat' dir='ltr'>avertisti,</span> <span class='ocrx_word' id='word_1_73' title='bbox 567 698 616 740; x_wconf 88' lang='lat' dir='ltr'>ut</span> <span class='ocrx_word' id='word_1_74' title='bbox 647 691 875 740; x_wconf 84' lang='lat' dir='ltr'>nonnullis</span> <span class='ocrx_word' id='word_1_75' title='bbox 908 690 1025 738; x_wconf 86' lang='lat' dir='ltr'>locis</span> <span class='ocrx_word' id='word_1_76' title='bbox 1060 687 1118 736; x_wconf 89' lang='lat' dir='ltr'>ad</span> <span class='ocrx_word' id='word_1_77' title='bbox 1153 688 1462 738; x_wconf 85' lang='lat' dir='ltr'>Romanorum</span> <span class='ocrx_word' id='word_1_78' title='bbox 1497 701 1674 736; x_wconf 90' lang='lat' dir='ltr'>morum</span> <span class='ocrx_word' id='word_1_79' title='bbox 1709 688 2041 738; x_wconf 84' lang='lat' dir='ltr'>similitudinem</span> <span class='ocrx_word' id='word_1_80' title='bbox 2071 691 2261 755; x_wconf 86' lang='lat' dir='ltr'>propius</span> <span class='ocrx_word' id='word_1_81' title='bbox 2284 692 2568 754; x_wconf 43' lang='lat' dir='ltr'>secessum*</span> <span class='ocrx_word' id='word_1_82' title='bbox 2582 691 2740 741; x_wconf 76' lang='lat' dir='ltr'>Grae-</span> 
     </span>
     <span class='ocr_line' id='line_1_9' title="bbox 341 756 2740 825; baseline 0 -15"><span class='ocrx_word' id='word_1_83' title='bbox 341 775 515 825; x_wconf 81' lang='lat' dir='ltr'>cosque</span> <span class='ocrx_word' id='word_1_84' title='bbox 547 766 703 808; x_wconf 88' lang='lat' dir='ltr'>mores</span> <span class='ocrx_word' id='word_1_85' title='bbox 738 758 1028 824; x_wconf 89' lang='lat' dir='ltr'>adaptaverit·</span> <span class='ocrx_word' id='word_1_86' title='bbox 1055 756 1311 806; x_wconf 86' lang='lat' dir='ltr'>Romanis?</span> <span class='ocrx_word' id='word_1_87' title='bbox 1363 762 1680 822; x_wconf 85' lang='lat' dir='ltr'>praeterquam</span> <span class='ocrx_word' id='word_1_88' title='bbox 1723 756 1845 821; x_wconf 84' lang='lat' dir='ltr'>quod</span> <span class='ocrx_word' id='word_1_89' title='bbox 1878 758 2265 823; x_wconf 73' lang='lat' dir='ltr'>interpretationis</span> <span class='ocrx_word' id='word_1_90' title='bbox 2296 760 2429 808; x_wconf 82' lang='lat' dir='ltr'>meae</span> <span class='ocrx_word' id='word_1_91' title='bbox 2457 756 2740 823; x_wconf 59' lang='lat' dir='ltr'>⁴§antiquitate</span> 
     </span>
     <span class='ocr_line' id='line_1_10' title="bbox 330 824 2740 894; baseline -0.001 -13"><span class='ocrx_word' id='word_1_92' title='bbox 330 845 433 881; x_wconf 78' lang='lat' dir='ltr'>non</span> <span class='ocrx_word' id='word_1_93' title='bbox 468 843 610 894; x_wconf 87' lang='lat' dir='ltr'>pauca</span> <span class='ocrx_word' id='word_1_94' title='bbox 644 829 693 877; x_wconf 92' lang='lat' dir='ltr'>in</span> <span class='ocrx_word' id='word_1_95' title='bbox 728 827 946 876; x_wconf 89' lang='lat' dir='ltr'>Terentio</span> <span class='ocrx_word' id='word_1_96' title='bbox 978 824 1209 876; x_wconf 84' lang='lat' dir='ltr'>vindicata</span> <span class='ocrx_word' id='word_1_97' title='bbox 1245 832 1345 875; x_wconf 88' lang='lat' dir='ltr'>sunt</span> <span class='ocrx_word' id='word_1_98' title='bbox 1376 833 1424 873; x_wconf 90' lang='lat' dir='ltr'>ut</span> <span class='ocrx_word' id='word_1_99' title='bbox 1460 825 1663 885; x_wconf 84' lang='lat' dir='ltr'>Graeca,</span> <span class='ocrx_word' id='word_1_100' title='bbox 1716 841 1833 890; x_wconf 83' lang='lat' dir='ltr'>quae</span> <span class='ocrx_word' id='word_1_101' title='bbox 1868 826 2069 875; x_wconf 73' lang='lat' dir='ltr'>fortasse</span> <span class='ocrx_word' id='word_1_102' title='bbox 2102 826 2262 875; x_wconf 88' lang='lat' dir='ltr'>rudior</span> <span class='ocrx_word' id='word_1_103' title='bbox 2293 841 2402 892; x_wconf 84' lang='lat' dir='ltr'>pars</span> <span class='ocrx_word' id='word_1_104' title='bbox 2431 829 2740 894; x_wconf 64' lang='lat' dir='ltr'>spec-tom</span> 
     </span>
     <span class='ocr_line' id='line_1_11' title="bbox 328 893 2739 961; baseline -0.002 -12"><span class='ocrx_word' id='word_1_105' title='bbox 328 902 387 949; x_wconf 84' lang='lat' dir='ltr'>&#39;et</span> <span class='ocrx_word' id='word_1_106' title='bbox 412 898 579 948; x_wconf 90' lang='lat' dir='ltr'>Graeci</span> <span class='ocrx_word' id='word_1_107' title='bbox 613 898 757 946; x_wconf 87' lang='lat' dir='ltr'>moris</span> <span class='ocrx_word' id='word_1_108' title='bbox 790 897 935 944; x_wconf 88' lang='lat' dir='ltr'>minus</span> <span class='ocrx_word' id='word_1_109' title='bbox 969 895 1117 960; x_wconf 86' lang='lat' dir='ltr'>perita</span> <span class='ocrx_word' id='word_1_110' title='bbox 1152 896 1227 942; x_wconf 87' lang='lat' dir='ltr'>aut</span> <span class='ocrx_word' id='word_1_111' title='bbox 1261 894 1318 942; x_wconf 89' lang='lat' dir='ltr'>ad</span> <span class='ocrx_word' id='word_1_112' title='bbox 1354 893 1602 942; x_wconf 87' lang='lat' dir='ltr'>domestica</span> <span class='ocrx_word' id='word_1_113' title='bbox 1636 895 1832 942; x_wconf 81' lang='lat' dir='ltr'>instituta</span> <span class='ocrx_word' id='word_1_114' title='bbox 1865 895 2017 944; x_wconf 87' lang='lat' dir='ltr'>retulit</span> <span class='ocrx_word' id='word_1_115' title='bbox 2049 903 2126 944; x_wconf 89' lang='lat' dir='ltr'>aut</span> <span class='ocrx_word' id='word_1_116' title='bbox 2157 902 2317 961; x_wconf 82' lang='lat' dir='ltr'>pamm</span> <span class='ocrx_word' id='word_1_117' title='bbox 2349 903 2478 945; x_wconf 86' lang='lat' dir='ltr'>recte</span> <span class='ocrx_word' id='word_1_118' title='bbox 2499 895 2739 957; x_wconf 68' lang='lat' dir='ltr'>intellexit,</span> 
     </span>
     <span class='ocr_line' id='line_1_12' title="bbox 332 962 2739 1032; baseline -0.001 -14"><span class='ocrx_word' id='word_1_119' title='bbox 332 973 388 1018; x_wconf 85' lang='lat' dir='ltr'>-et</span> <span class='ocrx_word' id='word_1_120' title='bbox 421 965 543 1032; x_wconf 84' lang='lat' dir='ltr'>quod</span> <span class='ocrx_word' id='word_1_121' title='bbox 578 965 715 1014; x_wconf 89' lang='lat' dir='ltr'>multa</span> <span class='ocrx_word' id='word_1_122' title='bbox 747 964 827 1013; x_wconf 92' lang='lat' dir='ltr'>ille</span> <span class='ocrx_word' id='word_1_123' title='bbox 859 965 921 1012; x_wconf 86' lang='lat' dir='ltr'>ita</span> <span class='ocrx_word' id='word_1_124' title='bbox 956 965 1219 1012; x_wconf 78' lang='lat' dir='ltr'>extenuavit</span> <span class='ocrx_word' id='word_1_125' title='bbox 1253 969 1299 1011; x_wconf 90' lang='lat' dir='ltr'>et</span> <span class='ocrx_word' id='word_1_126' title='bbox 1332 964 1379 1010; x_wconf 91' lang='lat' dir='ltr'>in</span> <span class='ocrx_word' id='word_1_127' title='bbox 1420 962 1543 1011; x_wconf 87' lang='lat' dir='ltr'>nullo</span> <span class='ocrx_word' id='word_1_128' title='bbox 1590 962 1852 1011; x_wconf 88' lang='lat' dir='ltr'>discrimine</span> <span class='ocrx_word' id='word_1_129' title='bbox 1893 965 2067 1029; x_wconf 81' lang='lat' dir='ltr'>posuit,</span> <span class='ocrx_word' id='word_1_130' title='bbox 2116 971 2188 1027; x_wconf 86' lang='lat' dir='ltr'>ut,</span> <span class='ocrx_word' id='word_1_131' title='bbox 2238 964 2296 1013; x_wconf 92' lang='lat' dir='ltr'>ad</span> <span class='ocrx_word' id='word_1_132' title='bbox 2339 972 2484 1014; x_wconf 88' lang='lat' dir='ltr'>utrum</span> <span class='ocrx_word' id='word_1_133' title='bbox 2525 963 2739 1030; x_wconf 69' lang='lat' dir='ltr'>popuha</span> 
     </span>
     <span class='ocr_line' id='line_1_13' title="bbox 330 1029 2738 1101; baseline -0.001 -14"><span class='ocrx_word' id='word_1_134' title='bbox 330 1034 485 1098; x_wconf 46' lang='lat' dir='ltr'>selis,</span> <span class='ocrx_word' id='word_1_135' title='bbox 535 1036 687 1101; x_wconf 89' lang='lat' dir='ltr'>possis</span> <span class='ocrx_word' id='word_1_136' title='bbox 726 1032 933 1094; x_wconf 77' lang='lat' dir='ltr'>referre,</span> <span class='ocrx_word' id='word_1_137' title='bbox 984 1041 1074 1096; x_wconf 82' lang='lat' dir='ltr'>quo</span> <span class='ocrx_word' id='word_1_138' title='bbox 1108 1033 1155 1080; x_wconf 92' lang='lat' dir='ltr'>in</span> <span class='ocrx_word' id='word_1_139' title='bbox 1188 1032 1295 1080; x_wconf 89' lang='lat' dir='ltr'>loco</span> <span class='ocrx_word' id='word_1_140' title='bbox 1331 1030 1516 1080; x_wconf 75' lang='lat' dir='ltr'>Latinae</span> <span class='ocrx_word' id='word_1_141' title='bbox 1551 1029 1763 1080; x_wconf 82' lang='lat' dir='ltr'>dictionis</span> <span class='ocrx_word' id='word_1_142' title='bbox 1797 1034 2065 1097; x_wconf 65' lang='lat' dir='ltr'>proprietati</span> <span class='ocrx_word' id='word_1_143' title='bbox 2098 1033 2178 1081; x_wconf 89' lang='lat' dir='ltr'>ille</span> <span class='ocrx_word' id='word_1_144' title='bbox 2211 1034 2356 1082; x_wconf 84' lang='lat' dir='ltr'>minus</span> <span class='ocrx_word' id='word_1_145' title='bbox 2392 1048 2523 1097; x_wconf 83' lang='lat' dir='ltr'>quam</span> <span class='ocrx_word' id='word_1_146' title='bbox 2556 1032 2738 1085; x_wconf 71' lang='lat' dir='ltr'>Pla-tus</span> 
     </span>
     <span class='ocr_line' id='line_1_14' title="bbox 371 1099 2738 1170; baseline -0.003 -16"><span class='ocrx_word' id='word_1_147' title='bbox 371 1105 597 1170; x_wconf 82' lang='lat' dir='ltr'>respexit,</span> <span class='ocrx_word' id='word_1_148' title='bbox 628 1102 756 1153; x_wconf 82' lang='lat' dir='ltr'>velut</span> <span class='ocrx_word' id='word_1_149' title='bbox 791 1117 925 1166; x_wconf 87' lang='lat' dir='ltr'>quum</span> <span class='ocrx_word' id='word_1_150' title='bbox 949 1100 1188 1149; x_wconf 85' lang='lat' dir='ltr'>Terentius</span> <span class='ocrx_word' id='word_1_151' title='bbox 1223 1101 1368 1148; x_wconf 89' lang='lat' dir='ltr'>minus</span> <span class='ocrx_word' id='word_1_152' title='bbox 1402 1099 1711 1161; x_wconf 85' lang='lat' dir='ltr'>significanter</span> <span class='ocrx_word' id='word_1_153' title='bbox 1746 1099 1855 1148; x_wconf 84' lang='lat' dir='ltr'>dicit</span> <span class='ocrx_word' id='word_1_154' title='bbox 1885 1102 1942 1149; x_wconf 89' lang='lat' dir='ltr'>in</span> <span class='ocrx_word' id='word_1_155' title='bbox 1975 1102 2061 1149; x_wconf 90' lang='lat' dir='ltr'>ius</span> <span class='ocrx_word' id='word_1_156' title='bbox 2096 1102 2211 1163; x_wconf 90' lang='lat' dir='ltr'>ire,</span> <span class='ocrx_word' id='word_1_157' title='bbox 2242 1102 2300 1150; x_wconf 90' lang='lat' dir='ltr'>in</span> <span class='ocrx_word' id='word_1_158' title='bbox 2334 1102 2614 1150; x_wconf 74' lang='lat' dir='ltr'>iudicium</span> <span class='ocrx_word' id='word_1_159' title='bbox 2635 1101 2738 1161; x_wconf 68' lang='lat' dir='ltr'>irsse,</span> 
     </span>
     <span class='ocr_line' id='line_1_15' title="bbox 330 1166 2736 1233; baseline -0.002 -12"><span class='ocrx_word' id='word_1_160' title='bbox 330 1172 587 1233; x_wconf 82' lang='lat' dir='ltr'>·udices,</span> <span class='ocrx_word' id='word_1_161' title='bbox 622 1172 993 1233; x_wconf 80' lang='lat' dir='ltr'>magistratus</span> <span class='ocrx_word' id='word_1_162' title='bbox 1029 1168 1236 1230; x_wconf 87' lang='lat' dir='ltr'>(Phorm.</span> <span class='ocrx_word' id='word_1_163' title='bbox 1273 1167 1306 1216; x_wconf 92' lang='lat'>1.</span> <span class='ocrx_word' id='word_1_164' title='bbox 1341 1166 1398 1229; x_wconf 86' lang='lat'>2,</span> <span class='ocrx_word' id='word_1_165' title='bbox 1434 1167 1524 1227; x_wconf 84' lang='lat'>29;</span> <span class='ocrx_word' id='word_1_166' title='bbox 1567 1167 1625 1216; x_wconf 90' lang='lat' dir='ltr'>ib.</span> <span class='ocrx_word' id='word_1_167' title='bbox 1660 1166 1718 1217; x_wconf 87' lang='lat'>11.</span> <span class='ocrx_word' id='word_1_168' title='bbox 1752 1167 1810 1230; x_wconf 87' lang='lat'>3,</span> <span class='ocrx_word' id='word_1_169' title='bbox 1847 1167 1939 1229; x_wconf 77' lang='lat'>563</span> <span class='ocrx_word' id='word_1_170' title='bbox 1982 1167 2184 1218; x_wconf 87' lang='lat' dir='ltr'>Eunuch.</span> <span class='ocrx_word' id='word_1_171' title='bbox 2219 1168 2277 1218; x_wconf 90' lang='lat'>11.</span> <span class='ocrx_word' id='word_1_172' title='bbox 2311 1169 2367 1231; x_wconf 85' lang='lat'>3,</span> <span class='ocrx_word' id='word_1_173' title='bbox 2401 1168 2522 1232; x_wconf 82' lang='grc'>48),</span> <span class='ocrx_word' id='word_1_174' title='bbox 2556 1168 2736 1218; x_wconf 72' lang='lat' dir='ltr'>Plautus</span> 
     </span>
     <span class='ocr_line' id='line_1_16' title="bbox 327 1235 2736 1301; baseline -0.002 -11"><span class='ocrx_word' id='word_1_175' title='bbox 327 1242 674 1291; x_wconf 76' lang='lat' dir='ltr'>Praetorem</span> <span class='ocrx_word' id='word_1_176' title='bbox 717 1238 910 1299; x_wconf 77' lang='lat' dir='ltr'>inducit,</span> <span class='ocrx_word' id='word_1_177' title='bbox 961 1243 1433 1301; x_wconf 82' lang='lat' dir='ltr'>recuperatores,</span> <span class='ocrx_word' id='word_1_178' title='bbox 1486 1237 1805 1296; x_wconf 84' lang='lat' dir='ltr'>tresviros,</span> <span class='ocrx_word' id='word_1_179' title='bbox 1855 1235 2105 1299; x_wconf 79' lang='lat' dir='ltr'>aediles,</span> <span class='ocrx_word' id='word_1_180' title='bbox 2156 1236 2426 1298; x_wconf 79' lang='lat' dir='ltr'>lictores3</span> <span class='ocrx_word' id='word_1_181' title='bbox 2496 1237 2736 1287; x_wconf 56' lang='lat' dir='ltr'>Terentius</span> 
     </span>
     <span class='ocr_line' id='line_1_17' title="bbox 329 1302 2738 1373; baseline -0.002 -14"><span class='ocrx_word' id='word_1_182' title='bbox 329 1309 659 1373; x_wconf 82' lang='lat' dir='ltr'>exercitum</span> <span class='ocrx_word' id='word_1_183' title='bbox 702 1306 989 1355; x_wconf 86' lang='lat' dir='ltr'>dimittere</span> <span class='ocrx_word' id='word_1_184' title='bbox 1034 1303 1261 1367; x_wconf 87' lang='lat' dir='ltr'>(Eunuch.</span> <span class='ocrx_word' id='word_1_185' title='bbox 1297 1303 1379 1353; x_wconf 88' lang='lat'>111.</span> <span class='ocrx_word' id='word_1_186' title='bbox 1427 1302 1483 1365; x_wconf 85' lang='lat'>1,</span> <span class='ocrx_word' id='word_1_187' title='bbox 1522 1302 1609 1365; x_wconf 79' lang='lat'>123</span> <span class='ocrx_word' id='word_1_188' title='bbox 1643 1303 1702 1353; x_wconf 91' lang='lat' dir='ltr'>ib.</span> <span class='ocrx_word' id='word_1_189' title='bbox 1737 1303 1816 1354; x_wconf 91' lang='lat' dir='ltr'>1v.</span> <span class='ocrx_word' id='word_1_190' title='bbox 1851 1304 1902 1367; x_wconf 80' lang='lat'>¹7,</span> <span class='ocrx_word' id='word_1_191' title='bbox 1935 1304 2057 1368; x_wconf 84' lang='grc'>44),</span> <span class='ocrx_word' id='word_1_192' title='bbox 2094 1304 2278 1355; x_wconf 64' lang='lat' dir='ltr'>&gt;Plautus</span> <span class='ocrx_word' id='word_1_193' title='bbox 2310 1305 2604 1368; x_wconf 75' lang='lat' dir='ltr'>legiones,</span> <span class='ocrx_word' id='word_1_194' title='bbox 2637 1305 2738 1354; x_wconf 82' lang='lat' dir='ltr'>du-</span> 
     </span>
     <span class='ocr_line' id='line_1_18' title="bbox 326 1371 2736 1441; baseline -0.001 -15"><span class='ocrx_word' id='word_1_195' title='bbox 326 1386 507 1438; x_wconf 59' lang='lat' dir='ltr'>ctum,</span> <span class='ocrx_word' id='word_1_196' title='bbox 549 1377 868 1441; x_wconf 87' lang='lat' dir='ltr'>imperium,</span> <span class='ocrx_word' id='word_1_197' title='bbox 911 1375 1223 1438; x_wconf 84' lang='lat' dir='ltr'>auspicium</span> <span class='ocrx_word' id='word_1_198' title='bbox 1265 1372 1514 1437; x_wconf 85' lang='lat' dir='ltr'>(Amphitr.</span> <span class='ocrx_word' id='word_1_199' title='bbox 1559 1372 1594 1421; x_wconf 92' lang='grc' dir='ltr'>Ι.</span> <span class='ocrx_word' id='word_1_200' title='bbox 1631 1371 1687 1432; x_wconf 89' lang='grc'>1,</span> <span class='ocrx_word' id='word_1_201' title='bbox 1720 1372 1782 1421; x_wconf 83' lang='grc'>41</span> <span class='ocrx_word' id='word_1_202' title='bbox 1823 1375 1961 1436; x_wconf 86' lang='lat' dir='ltr'>etc.);</span> <span class='ocrx_word' id='word_1_203' title='bbox 2013 1373 2255 1424; x_wconf 83' lang='lat' dir='ltr'>Terentius</span> <span class='ocrx_word' id='word_1_204' title='bbox 2297 1373 2736 1438; x_wconf 81' lang='lat' dir='ltr'>discessionem,</span> 
     </span>
     <span class='ocr_line' id='line_1_19' title="bbox 334 1440 2736 1512; baseline -0.002 -16"><span class='ocrx_word' id='word_1_205' title='bbox 334 1445 632 1512; x_wconf 83' lang='lat' dir='ltr'>repudium</span> <span class='ocrx_word' id='word_1_206' title='bbox 677 1446 998 1504; x_wconf 82' lang='lat' dir='ltr'>remittere,</span> <span class='ocrx_word' id='word_1_207' title='bbox 1048 1442 1393 1491; x_wconf 89' lang='lat' dir='ltr'>renunciare</span> <span class='ocrx_word' id='word_1_208' title='bbox 1444 1440 1625 1502; x_wconf 85' lang='lat' dir='ltr'>(Andr.</span> <span class='ocrx_word' id='word_1_209' title='bbox 1659 1441 1741 1490; x_wconf 89' lang='lat'>111.</span> <span class='ocrx_word' id='word_1_210' title='bbox 1776 1442 1826 1503; x_wconf 85' lang='lat'>3,</span> <span class='ocrx_word' id='word_1_211' title='bbox 1860 1442 1952 1502; x_wconf 76' lang='lat'>363</span> <span class='ocrx_word' id='word_1_212' title='bbox 1996 1442 2182 1494; x_wconf 88' lang='lat' dir='ltr'>Phorm.</span> <span class='ocrx_word' id='word_1_213' title='bbox 2213 1443 2270 1492; x_wconf 85' lang='lat' dir='ltr'>V.</span> <span class='ocrx_word' id='word_1_214' title='bbox 2305 1443 2354 1505; x_wconf 84' lang='grc'>7,</span> <span class='ocrx_word' id='word_1_215' title='bbox 2388 1443 2649 1495; x_wconf 64' lang='lat' dir='ltr'>sset-lv.</span> <span class='ocrx_word' id='word_1_216' title='bbox 2683 1443 2736 1506; x_wconf 86' lang='grc'>3,</span> 
     </span>
     <span class='ocr_line' id='line_1_20' title="bbox 326 1508 2736 1579; baseline -0.002 -15"><span class='ocrx_word' id='word_1_217' title='bbox 326 1515 457 1579; x_wconf 50' lang='grc'>372),</span> <span class='ocrx_word' id='word_1_218' title='bbox 508 1515 696 1563; x_wconf 84' lang='lat' dir='ltr'>Plautus</span> <span class='ocrx_word' id='word_1_219' title='bbox 726 1514 967 1575; x_wconf 89' lang='lat' dir='ltr'>coniugem</span> <span class='ocrx_word' id='word_1_220' title='bbox 1000 1509 1162 1559; x_wconf 88' lang='lat' dir='ltr'>iubere</span> <span class='ocrx_word' id='word_1_221' title='bbox 1195 1524 1323 1558; x_wconf 89' lang='lat' dir='ltr'>suas</span> <span class='ocrx_word' id='word_1_222' title='bbox 1359 1508 1466 1558; x_wconf 89' lang='lat' dir='ltr'>sibi</span> <span class='ocrx_word' id='word_1_223' title='bbox 1494 1524 1595 1571; x_wconf 40' lang='lat' dir='ltr'>,res</span> <span class='ocrx_word' id='word_1_224' title='bbox 1630 1509 1846 1559; x_wconf 89' lang='lat' dir='ltr'>habere</span> <span class='ocrx_word' id='word_1_225' title='bbox 1882 1509 2139 1576; x_wconf 77' lang='lat' dir='ltr'>(Amphitr.</span> <span class='ocrx_word' id='word_1_226' title='bbox 2174 1510 2257 1561; x_wconf 88' lang='lat'>111.</span> <span class='ocrx_word' id='word_1_227' title='bbox 2290 1511 2349 1574; x_wconf 85' lang='grc'>2,</span> <span class='ocrx_word' id='word_1_228' title='bbox 2391 1511 2484 1572; x_wconf 72' lang='grc' dir='ltr'>47ς</span> <span class='ocrx_word' id='word_1_229' title='bbox 2535 1512 2736 1561; x_wconf 64' lang='lat' dir='ltr'>Tum.</span> 
     </span>
     <span class='ocr_line' id='line_1_21' title="bbox 335 1577 2735 1647; baseline -0.003 -13"><span class='ocrx_word' id='word_1_230' title='bbox 335 1584 397 1646; x_wconf 79' lang='grc' dir='ltr'>ΙΙ.</span> <span class='ocrx_word' id='word_1_231' title='bbox 435 1584 482 1645; x_wconf 88' lang='grc'>1,</span> <span class='ocrx_word' id='word_1_232' title='bbox 517 1582 628 1645; x_wconf 89' lang='grc'>32),</span> <span class='ocrx_word' id='word_1_233' title='bbox 664 1596 930 1647; x_wconf 86' lang='lat' dir='ltr'>quamquam</span> <span class='ocrx_word' id='word_1_234' title='bbox 956 1578 1180 1628; x_wconf 90' lang='lat' dir='ltr'>interdum</span> <span class='ocrx_word' id='word_1_235' title='bbox 1202 1580 1321 1628; x_wconf 88' lang='lat' dir='ltr'>inter</span> <span class='ocrx_word' id='word_1_236' title='bbox 1342 1585 1556 1642; x_wconf 88' lang='lat' dir='ltr'>utrasque</span> <span class='ocrx_word' id='word_1_237' title='bbox 1578 1577 1833 1627; x_wconf 87' lang='lat' dir='ltr'>locutiones</span> <span class='ocrx_word' id='word_1_238' title='bbox 1856 1578 2024 1643; x_wconf 81' lang='lat' dir='ltr'>aliquid</span> <span class='ocrx_word' id='word_1_239' title='bbox 2047 1579 2339 1628; x_wconf 82' lang='lat' dir='ltr'>intercedere</span> <span class='ocrx_word' id='word_1_240' title='bbox 2358 1580 2540 1629; x_wconf 73' lang='lat' dir='ltr'>videmr</span> <span class='ocrx_word' id='word_1_241' title='bbox 2562 1578 2735 1629; x_wconf 78' lang='lat' dir='ltr'>discri-</span> 
     </span>
     <span class='ocr_line' id='line_1_22' title="bbox 324 1645 2734 1714; baseline -0.001 -15"><span class='ocrx_word' id='word_1_242' title='bbox 324 1654 471 1711; x_wconf 66' lang='lat' dir='ltr'>minis</span> <span class='ocrx_word' id='word_1_243' title='bbox 507 1650 735 1712; x_wconf 80' lang='lat' dir='ltr'>(Becker,</span> <span class='ocrx_word' id='word_1_244' title='bbox 772 1649 928 1698; x_wconf 86' lang='lat' dir='ltr'>Gallus</span> <span class='ocrx_word' id='word_1_245' title='bbox 962 1648 997 1695; x_wconf 84' lang='lat'>1.</span> <span class='ocrx_word' id='word_1_246' title='bbox 1020 1647 1208 1712; x_wconf 77' lang='lat' dir='ltr'>p.‘23);</span> <span class='ocrx_word' id='word_1_247' title='bbox 1245 1647 1485 1695; x_wconf 86' lang='lat' dir='ltr'>Terentius</span> <span class='ocrx_word' id='word_1_248' title='bbox 1519 1645 1754 1695; x_wconf 89' lang='lat' dir='ltr'>Accede</span> <span class='ocrx_word' id='word_1_249' title='bbox 1788 1646 1890 1695; x_wconf 89' lang='lat' dir='ltr'>huc</span> <span class='ocrx_word' id='word_1_250' title='bbox 1924 1645 1991 1697; x_wconf 86' lang='lat' dir='ltr'>ad</span> <span class='ocrx_word' id='word_1_251' title='bbox 2025 1661 2136 1710; x_wconf 89' lang='lat' dir='ltr'>me,</span> <span class='ocrx_word' id='word_1_252' title='bbox 2168 1647 2319 1696; x_wconf 90' lang='lat' dir='ltr'>liber</span> <span class='ocrx_word' id='word_1_253' title='bbox 2352 1654 2476 1697; x_wconf 91' lang='lat' dir='ltr'>esto</span> <span class='ocrx_word' id='word_1_254' title='bbox 2510 1646 2734 1714; x_wconf 83' lang='lat' dir='ltr'>(Adelph.</span> 
     </span>
     <span class='ocr_line' id='line_1_23' title="bbox 325 1713 2612 1783; baseline -0.001 -15"><span class='ocrx_word' id='word_1_255' title='bbox 325 1721 393 1770; x_wconf 60' lang='grc' dir='ltr'>Ὺ.</span> <span class='ocrx_word' id='word_1_256' title='bbox 428 1721 479 1783; x_wconf 86' lang='grc'>9,</span> <span class='ocrx_word' id='word_1_257' title='bbox 515 1720 625 1783; x_wconf 84' lang='grc'>13),</span> <span class='ocrx_word' id='word_1_258' title='bbox 660 1718 844 1766; x_wconf 88' lang='lat' dir='ltr'>Plautus</span> <span class='ocrx_word' id='word_1_259' title='bbox 877 1715 1124 1765; x_wconf 87' lang='lat' dir='ltr'>identidem</span> <span class='ocrx_word' id='word_1_260' title='bbox 1160 1716 1293 1764; x_wconf 88' lang='lat' dir='ltr'>etiam</span> <span class='ocrx_word' id='word_1_261' title='bbox 1326 1714 1640 1765; x_wconf 80' lang='lat' dir='ltr'>vindictam</span> <span class='ocrx_word' id='word_1_262' title='bbox 1674 1721 1720 1764; x_wconf 91' lang='lat' dir='ltr'>et</span> <span class='ocrx_word' id='word_1_263' title='bbox 1754 1713 2027 1765; x_wconf 76' lang='lat' dir='ltr'>festucam</span> <span class='ocrx_word' id='word_1_264' title='bbox 2061 1723 2396 1766; x_wconf 85' lang='lat' dir='ltr'>commemorat.</span> <span class='ocrx_word' id='word_1_265' title='bbox 2489 1738 2491 1741; x_wconf 89' lang='grc'><em>·</em></span> <span class='ocrx_word' id='word_1_266' title='bbox 2608 1753 2612 1756; x_wconf 85' lang='grc'><strong>-</strong></span> 
     </span>
     <span class='ocr_line' id='line_1_24' title="bbox 507 1783 2734 1852; baseline -0.001 -15"><span class='ocrx_word' id='word_1_267' title='bbox 507 1790 603 1837; x_wconf 91' lang='lat' dir='ltr'>lam</span> <span class='ocrx_word' id='word_1_268' title='bbox 638 1789 850 1852; x_wconf 88' lang='lat' dir='ltr'>quoniam</span> <span class='ocrx_word' id='word_1_269' title='bbox 883 1800 1034 1850; x_wconf 86' lang='lat' dir='ltr'>neque</span> <span class='ocrx_word' id='word_1_270' title='bbox 1068 1785 1272 1834; x_wconf 82' lang='lat' dir='ltr'>voluisse</span> <span class='ocrx_word' id='word_1_271' title='bbox 1304 1798 1455 1849; x_wconf 87' lang='lat' dir='ltr'>neque</span> <span class='ocrx_word' id='word_1_272' title='bbox 1489 1783 1701 1832; x_wconf 81' lang='lat' dir='ltr'>debuisse</span> <span class='ocrx_word' id='word_1_273' title='bbox 1734 1783 1938 1834; x_wconf 83' lang='lat' dir='ltr'>Plautum</span> <span class='ocrx_word' id='word_1_274' title='bbox 1972 1783 2154 1834; x_wconf 85' lang='lat' dir='ltr'>Graeco</span> <span class='ocrx_word' id='word_1_275' title='bbox 2190 1783 2352 1835; x_wconf 90' lang='lat' dir='ltr'>colore</span> <span class='ocrx_word' id='word_1_276' title='bbox 2385 1790 2432 1834; x_wconf 90' lang='lat' dir='ltr'>et</span> <span class='ocrx_word' id='word_1_277' title='bbox 2463 1784 2734 1836; x_wconf 70' lang='lat' dir='ltr'>Athenlemi</span> 
     </span>
     <span class='ocr_line' id='line_1_25' title="bbox 325 1852 2733 1922; baseline -0.002 -14"><span class='ocrx_word' id='word_1_278' title='bbox 325 1861 602 1922; x_wconf 73' lang='lat' dir='ltr'>incorrupto</span> <span class='ocrx_word' id='word_1_279' title='bbox 639 1863 684 1905; x_wconf 85' lang='lat' dir='ltr'>et</span> <span class='ocrx_word' id='word_1_280' title='bbox 718 1857 900 1904; x_wconf 88' lang='lat' dir='ltr'>sincero</span> <span class='ocrx_word' id='word_1_281' title='bbox 937 1853 1112 1902; x_wconf 81' lang='lat' dir='ltr'>fabulas</span> <span class='ocrx_word' id='word_1_282' title='bbox 1148 1868 1252 1901; x_wconf 89' lang='lat' dir='ltr'>suas</span> <span class='ocrx_word' id='word_1_283' title='bbox 1286 1852 1474 1900; x_wconf 84' lang='lat' dir='ltr'>inficere</span> <span class='ocrx_word' id='word_1_284' title='bbox 1520 1852 1805 1917; x_wconf 86' lang='lat' dir='ltr'>exploratum</span> <span class='ocrx_word' id='word_1_285' title='bbox 1850 1859 1942 1915; x_wconf 85' lang='lat' dir='ltr'>est,</span> <span class='ocrx_word' id='word_1_286' title='bbox 1990 1859 2156 1915; x_wconf 86' lang='lat' dir='ltr'>restat,</span> <span class='ocrx_word' id='word_1_287' title='bbox 2204 1860 2254 1903; x_wconf 87' lang='lat' dir='ltr'>ut</span> <span class='ocrx_word' id='word_1_288' title='bbox 2297 1854 2398 1903; x_wconf 88' lang='lat' dir='ltr'>sine</span> <span class='ocrx_word' id='word_1_289' title='bbox 2437 1853 2733 1919; x_wconf 77' lang='lat' dir='ltr'>plurimorum</span> 
     </span>
     <span class='ocr_line' id='line_1_26' title="bbox 324 1921 2736 1994; baseline -0.002 -16"><span class='ocrx_word' id='word_1_290' title='bbox 324 1934 640 1994; x_wconf 76' lang='lat' dir='ltr'>‘spectatorum</span> <span class='ocrx_word' id='word_1_291' title='bbox 687 1924 892 1972; x_wconf 76' lang='lat' dir='ltr'>molestia</span> <span class='ocrx_word' id='word_1_292' title='bbox 936 1930 983 1970; x_wconf 92' lang='lat' dir='ltr'>et</span> <span class='ocrx_word' id='word_1_293' title='bbox 1025 1921 1392 1969; x_wconf 89' lang='lat' dir='ltr'>incommoditate</span> <span class='ocrx_word' id='word_1_294' title='bbox 1435 1935 1496 1967; x_wconf 89' lang='lat' dir='ltr'>ne</span> <span class='ocrx_word' id='word_1_295' title='bbox 1539 1921 1742 1983; x_wconf 86' lang='lat' dir='ltr'>potuisse</span> <span class='ocrx_word' id='word_1_296' title='bbox 1781 1921 1962 1985; x_wconf 86' lang='lat' dir='ltr'>quidem</span> <span class='ocrx_word' id='word_1_297' title='bbox 1996 1923 2159 1986; x_wconf 85' lang='lat' dir='ltr'>paucis</span> <span class='ocrx_word' id='word_1_298' title='bbox 2186 1922 2486 1970; x_wconf 82' lang='lat' dir='ltr'>ostendamus.</span> <span class='ocrx_word' id='word_1_299' title='bbox 2552 1921 2736 1973; x_wconf 64' lang='lat' dir='ltr'>Etuin</span> 
     </span>
     <span class='ocr_line' id='line_1_27' title="bbox 325 1988 2732 2062; baseline -0.002 -17"><span class='ocrx_word' id='word_1_300' title='bbox 325 1996 457 2062; x_wconf 80' lang='lat' dir='ltr'>&#39;quod</span> <span class='ocrx_word' id='word_1_301' title='bbox 493 1995 602 2044; x_wconf 87' lang='lat' dir='ltr'>olim</span> <span class='ocrx_word' id='word_1_302' title='bbox 639 1992 698 2042; x_wconf 92' lang='lat' dir='ltr'>de</span> <span class='ocrx_word' id='word_1_303' title='bbox 723 1993 924 2042; x_wconf 87' lang='lat' dir='ltr'>Terentii</span> <span class='ocrx_word' id='word_1_304' title='bbox 960 1989 1213 2039; x_wconf 88' lang='lat' dir='ltr'>comoediis</span> <span class='ocrx_word' id='word_1_305' title='bbox 1248 1988 1661 2049; x_wconf 89' lang='lat' dir='ltr'>animadvertimus,</span> <span class='ocrx_word' id='word_1_306' title='bbox 1696 2005 1830 2052; x_wconf 80' lang='lat' dir='ltr'>quum</span> <span class='ocrx_word' id='word_1_307' title='bbox 1864 1991 2101 2054; x_wconf 88' lang='lat' dir='ltr'>imperitae</span> <span class='ocrx_word' id='word_1_308' title='bbox 2133 1989 2397 2038; x_wconf 86' lang='lat' dir='ltr'>multitudini</span> <span class='ocrx_word' id='word_1_309' title='bbox 2423 1990 2732 2053; x_wconf 79' lang='lat' dir='ltr'>Romanorum</span> 
     </span>
     <span class='ocr_line' id='line_1_28' title="bbox 324 2056 2731 2124; baseline -0.002 -10"><span class='ocrx_word' id='word_1_310' title='bbox 324 2064 497 2114; x_wconf 75' lang='lat' dir='ltr'>&#39;alicubi</span> <span class='ocrx_word' id='word_1_311' title='bbox 532 2060 896 2112; x_wconf 86' lang='lat' dir='ltr'>accommodatas</span> <span class='ocrx_word' id='word_1_312' title='bbox 931 2057 1323 2117; x_wconf 86' lang='lat' dir='ltr'>existimabamus,</span> <span class='ocrx_word' id='word_1_313' title='bbox 1374 2056 1421 2105; x_wconf 93' lang='lat' dir='ltr'>id</span> <span class='ocrx_word' id='word_1_314' title='bbox 1466 2058 1686 2105; x_wconf 89' lang='lat' dir='ltr'>maiorem</span> <span class='ocrx_word' id='word_1_315' title='bbox 1725 2059 1773 2106; x_wconf 90' lang='lat' dir='ltr'>in</span> <span class='ocrx_word' id='word_1_316' title='bbox 1806 2057 1988 2106; x_wconf 88' lang='lat' dir='ltr'>modum</span> <span class='ocrx_word' id='word_1_317' title='bbox 2022 2058 2080 2106; x_wconf 87' lang='lat' dir='ltr'>ad</span> <span class='ocrx_word' id='word_1_318' title='bbox 2116 2058 2342 2107; x_wconf 87' lang='lat' dir='ltr'>Plautinas</span> <span class='ocrx_word' id='word_1_319' title='bbox 2373 2057 2547 2107; x_wconf 78' lang='lat' dir='ltr'>fabulas</span> <span class='ocrx_word' id='word_1_320' title='bbox 2581 2061 2731 2124; x_wconf 81' lang='lat' dir='ltr'>perti-</span> 
     </span>
     <span class='ocr_line' id='line_1_29' title="bbox 323 2124 2730 2195; baseline -0.002 -13"><span class='ocrx_word' id='word_1_321' title='bbox 323 2129 471 2195; x_wconf 74' lang='lat' dir='ltr'>nere,</span> <span class='ocrx_word' id='word_1_322' title='bbox 504 2132 613 2181; x_wconf 89' lang='lat' dir='ltr'>inde</span> <span class='ocrx_word' id='word_1_323' title='bbox 647 2137 850 2194; x_wconf 90' lang='lat' dir='ltr'>apertum</span> <span class='ocrx_word' id='word_1_324' title='bbox 886 2133 1233 2193; x_wconf 77' lang='lat' dir='ltr'>promptumque</span> <span class='ocrx_word' id='word_1_325' title='bbox 1267 2132 1361 2185; x_wconf 87' lang='lat' dir='ltr'>est,</span> <span class='ocrx_word' id='word_1_326' title='bbox 1396 2124 1542 2189; x_wconf 84' lang='lat' dir='ltr'>quod,</span> <span class='ocrx_word' id='word_1_327' title='bbox 1584 2140 1717 2189; x_wconf 87' lang='lat' dir='ltr'>quum</span> <span class='ocrx_word' id='word_1_328' title='bbox 1751 2141 1924 2175; x_wconf 88' lang='lat' dir='ltr'>summe</span> <span class='ocrx_word' id='word_1_329' title='bbox 1957 2126 2266 2175; x_wconf 83' lang='lat' dir='ltr'>admirandum</span> <span class='ocrx_word' id='word_1_330' title='bbox 2301 2128 2358 2176; x_wconf 88' lang='lat' dir='ltr'>sit</span> <span class='ocrx_word' id='word_1_331' title='bbox 2391 2134 2566 2191; x_wconf 27' lang='lat' dir='ltr'>poetae*</span> <span class='ocrx_word' id='word_1_332' title='bbox 2588 2129 2730 2192; x_wconf 86' lang='lat' dir='ltr'>inge-</span> 
     </span>
     <span class='ocr_line' id='line_1_30' title="bbox 322 2193 2731 2262; baseline -0.002 -11"><span class='ocrx_word' id='word_1_333' title='bbox 322 2204 455 2253; x_wconf 90' lang='lat' dir='ltr'>·nium</span> <span class='ocrx_word' id='word_1_334' title='bbox 493 2207 536 2250; x_wconf 87' lang='lat' dir='ltr'>et</span> <span class='ocrx_word' id='word_1_335' title='bbox 570 2202 748 2249; x_wconf 87' lang='lat' dir='ltr'>nativus</span> <span class='ocrx_word' id='word_1_336' title='bbox 784 2199 946 2262; x_wconf 83' lang='lat' dir='ltr'>lepor.</span> <span class='ocrx_word' id='word_1_337' title='bbox 991 2202 1141 2244; x_wconf 88' lang='lat' dir='ltr'>tamen</span> <span class='ocrx_word' id='word_1_338' title='bbox 1177 2201 1223 2244; x_wconf 91' lang='lat' dir='ltr'>et</span> <span class='ocrx_word' id='word_1_339' title='bbox 1257 2196 1439 2258; x_wconf 84' lang='lat' dir='ltr'>antiquo</span> <span class='ocrx_word' id='word_1_340' title='bbox 1473 2200 1683 2258; x_wconf 86' lang='lat' dir='ltr'>tempore</span> <span class='ocrx_word' id='word_1_341' title='bbox 1717 2194 1930 2244; x_wconf 89' lang='lat' dir='ltr'>Horatius</span> <span class='ocrx_word' id='word_1_342' title='bbox 1965 2194 2091 2256; x_wconf 88' lang='lat' dir='ltr'>(Art.</span> <span class='ocrx_word' id='word_1_343' title='bbox 2125 2194 2220 2243; x_wconf 81' lang='lat'>271</span> <span class='ocrx_word' id='word_1_344' title='bbox 2257 2223 2318 2232; x_wconf 87' lang='lat'>--</span> <span class='ocrx_word' id='word_1_345' title='bbox 2345 2194 2472 2256; x_wconf 73' lang='lat'>2743</span> <span class='ocrx_word' id='word_1_346' title='bbox 2516 2193 2638 2261; x_wconf 70' lang='lat' dir='ltr'>-Epp</span> <span class='ocrx_word' id='word_1_347' title='bbox 2672 2194 2731 2247; x_wconf 87' lang='lat'>11.</span> 
     </span>
     <span class='ocr_line' id='line_1_31' title="bbox 324 2261 2729 2332; baseline -0.002 -14"><span class='ocrx_word' id='word_1_348' title='bbox 324 2272 385 2331; x_wconf 84' lang='grc'>’1,</span> <span class='ocrx_word' id='word_1_349' title='bbox 431 2269 528 2318; x_wconf 83' lang='grc'>172</span> <span class='ocrx_word' id='word_1_350' title='bbox 573 2271 723 2332; x_wconf 84' lang='lat' dir='ltr'>sqq.)‚</span> <span class='ocrx_word' id='word_1_351' title='bbox 769 2266 1156 2329; x_wconf 84' lang='lat' dir='ltr'>Quintilianusque</span> <span class='ocrx_word' id='word_1_352' title='bbox 1200 2262 1283 2327; x_wconf 89' lang='lat' dir='ltr'>(X.</span> <span class='ocrx_word' id='word_1_353' title='bbox 1332 2262 1356 2311; x_wconf 89' lang='lat'>1</span> <span class='ocrx_word' id='word_1_354' title='bbox 1374 2299 1389 2325; x_wconf 91' lang='lat'>,</span> <span class='ocrx_word' id='word_1_355' title='bbox 1433 2262 1501 2311; x_wconf 85' lang='lat'>99</span> <span class='ocrx_word' id='word_1_356' title='bbox 1535 2269 1580 2311; x_wconf 89' lang='lat' dir='ltr'>et</span> <span class='ocrx_word' id='word_1_357' title='bbox 1616 2261 1742 2326; x_wconf 83' lang='grc'>100)</span> <span class='ocrx_word' id='word_1_358' title='bbox 1788 2270 1834 2312; x_wconf 91' lang='lat' dir='ltr'>et</span> <span class='ocrx_word' id='word_1_359' title='bbox 1875 2265 2137 2313; x_wconf 88' lang='lat' dir='ltr'>recentiore</span> <span class='ocrx_word' id='word_1_360' title='bbox 2180 2270 2329 2314; x_wconf 82' lang='lat' dir='ltr'>aetate</span> <span class='ocrx_word' id='word_1_361' title='bbox 2369 2264 2484 2313; x_wconf 85' lang='lat' dir='ltr'>Dan.</span> <span class='ocrx_word' id='word_1_362' title='bbox 2517 2263 2729 2314; x_wconf 77' lang='lat' dir='ltr'>Heinsius</span> 
     </span>
     <span class='ocr_line' id='line_1_32' title="bbox 324 2331 2728 2402; baseline -0.002 -15"><span class='ocrx_word' id='word_1_363' title='bbox 324 2340 550 2402; x_wconf 56' lang='lat' dir='ltr'>‘multique</span> <span class='ocrx_word' id='word_1_364' title='bbox 592 2338 668 2384; x_wconf 91' lang='lat' dir='ltr'>alii</span> <span class='ocrx_word' id='word_1_365' title='bbox 710 2351 792 2383; x_wconf 90' lang='lat' dir='ltr'>suo</span> <span class='ocrx_word' id='word_1_366' title='bbox 840 2334 1034 2398; x_wconf 85' lang='lat' dir='ltr'>quodam</span> <span class='ocrx_word' id='word_1_367' title='bbox 1078 2336 1179 2380; x_wconf 87' lang='lat' dir='ltr'>iure</span> <span class='ocrx_word' id='word_1_368' title='bbox 1224 2347 1302 2380; x_wconf 87' lang='lat' dir='ltr'>eas</span> <span class='ocrx_word' id='word_1_369' title='bbox 1347 2332 1542 2380; x_wconf 86' lang='lat' dir='ltr'>tulerunt</span> <span class='ocrx_word' id='word_1_370' title='bbox 1583 2333 1854 2394; x_wconf 75' lang='lat' dir='ltr'>sententiaS,</span> <span class='ocrx_word' id='word_1_371' title='bbox 1903 2339 1952 2383; x_wconf 87' lang='lat' dir='ltr'>ut</span> <span class='ocrx_word' id='word_1_372' title='bbox 1993 2331 2113 2381; x_wconf 81' lang='lat' dir='ltr'>illius</span> <span class='ocrx_word' id='word_1_373' title='bbox 2153 2331 2326 2382; x_wconf 73' lang='lat' dir='ltr'>fabulas</span> <span class='ocrx_word' id='word_1_374' title='bbox 2358 2331 2546 2383; x_wconf 84' lang='lat' dir='ltr'>indocto</span> <span class='ocrx_word' id='word_1_375' title='bbox 2579 2333 2728 2397; x_wconf 64' lang='lat' dir='ltr'>potius</span> 
     </span>
     <span class='ocr_line' id='line_1_33' title="bbox 324 2399 2727 2471; baseline -0.002 -15"><span class='ocrx_word' id='word_1_376' title='bbox 324 2408 478 2471; x_wconf 63' lang='lat' dir='ltr'>&#39;vulgo</span> <span class='ocrx_word' id='word_1_377' title='bbox 513 2406 751 2471; x_wconf 86' lang='lat' dir='ltr'>plebisque</span> <span class='ocrx_word' id='word_1_378' title='bbox 785 2419 957 2462; x_wconf 85' lang='lat' dir='ltr'>cuneo,</span> <span class='ocrx_word' id='word_1_379' title='bbox 1009 2417 1140 2467; x_wconf 88' lang='lat' dir='ltr'>quam</span> <span class='ocrx_word' id='word_1_380' title='bbox 1186 2401 1517 2463; x_wconf 72' lang='lat' dir='ltr'>elegantior-um</span> <span class='ocrx_word' id='word_1_381' title='bbox 1562 2400 1790 2449; x_wconf 87' lang='lat' dir='ltr'>hominum</span> <span class='ocrx_word' id='word_1_382' title='bbox 1825 2400 2008 2450; x_wconf 85' lang='lat' dir='ltr'>circulis</span> <span class='ocrx_word' id='word_1_383' title='bbox 2042 2407 2087 2450; x_wconf 90' lang='lat' dir='ltr'>et</span> <span class='ocrx_word' id='word_1_384' title='bbox 2121 2400 2459 2466; x_wconf 84' lang='lat' dir='ltr'>quatuordecim</span> <span class='ocrx_word' id='word_1_385' title='bbox 2494 2399 2727 2451; x_wconf 88' lang='lat' dir='ltr'>ordinibus</span> 
     </span>
     <span class='ocr_line' id='line_1_34' title="bbox 333 2467 2728 2536; baseline -0.003 -10"><span class='ocrx_word' id='word_1_386' title='bbox 333 2476 567 2526; x_wconf 87' lang='lat' dir='ltr'>dedicatas</span> <span class='ocrx_word' id='word_1_387' title='bbox 604 2475 745 2522; x_wconf 81' lang='lat' dir='ltr'>fuisse</span> <span class='ocrx_word' id='word_1_388' title='bbox 778 2478 996 2536; x_wconf 86' lang='lat' dir='ltr'>putarent.</span> <span class='ocrx_word' id='word_1_389' title='bbox 1064 2467 1211 2532; x_wconf 87' lang='lat' dir='ltr'>Vulgi</span> <span class='ocrx_word' id='word_1_390' title='bbox 1237 2477 1384 2516; x_wconf 88' lang='lat' dir='ltr'>autem</span> <span class='ocrx_word' id='word_1_391' title='bbox 1420 2469 1613 2516; x_wconf 85' lang='lat' dir='ltr'>Romani</span> <span class='ocrx_word' id='word_1_392' title='bbox 1650 2476 1857 2533; x_wconf 84' lang='lat' dir='ltr'>quantam</span> <span class='ocrx_word' id='word_1_393' title='bbox 1885 2483 2048 2518; x_wconf 90' lang='lat' dir='ltr'>censes</span> <span class='ocrx_word' id='word_1_394' title='bbox 2071 2469 2215 2519; x_wconf 84' lang='lat' dir='ltr'>Plauti</span> <span class='ocrx_word' id='word_1_395' title='bbox 2237 2477 2386 2520; x_wconf 81' lang='lat' dir='ltr'>aetate</span> <span class='ocrx_word' id='word_1_396' title='bbox 2408 2469 2551 2520; x_wconf 77' lang='lat' dir='ltr'>fuisse</span> <span class='ocrx_word' id='word_1_397' title='bbox 2573 2470 2728 2520; x_wconf 87' lang='lat' dir='ltr'>Grae-</span> 
     </span>
     <span class='ocr_line' id='line_1_35' title="bbox 321 2537 2727 2603; baseline -0.002 -9"><span class='ocrx_word' id='word_1_398' title='bbox 321 2549 491 2603; x_wconf 75' lang='lat' dir='ltr'>‘corum</span> <span class='ocrx_word' id='word_1_399' title='bbox 526 2558 704 2592; x_wconf 88' lang='lat' dir='ltr'>morum</span> <span class='ocrx_word' id='word_1_400' title='bbox 739 2548 784 2589; x_wconf 91' lang='lat' dir='ltr'>et</span> <span class='ocrx_word' id='word_1_401' title='bbox 816 2540 1066 2588; x_wconf 88' lang='lat' dir='ltr'>Atticarum</span> <span class='ocrx_word' id='word_1_402' title='bbox 1100 2538 1435 2602; x_wconf 89' lang='lat' dir='ltr'>disciplinarum</span> <span class='ocrx_word' id='word_1_403' title='bbox 1469 2539 1688 2597; x_wconf 87' lang='lat' dir='ltr'>notitiam,</span> <span class='ocrx_word' id='word_1_404' title='bbox 1722 2544 1769 2586; x_wconf 89' lang='lat' dir='ltr'>ut</span> <span class='ocrx_word' id='word_1_405' title='bbox 1803 2537 2087 2587; x_wconf 88' lang='lat' dir='ltr'>comoediam</span> <span class='ocrx_word' id='word_1_406' title='bbox 2118 2539 2317 2588; x_wconf 81' lang='lat' dir='ltr'>Atticam</span> <span class='ocrx_word' id='word_1_407' title='bbox 2348 2541 2466 2589; x_wconf 85' lang='lat' dir='ltr'>intra</span> <span class='ocrx_word' id='word_1_408' title='bbox 2501 2538 2727 2588; x_wconf 84' lang='lat' dir='ltr'>domesti-</span> 
     </span>
     <span class='ocr_line' id='line_1_36' title="bbox 328 2606 2728 2742; baseline -0.003 -9"><span class='ocrx_word' id='word_1_409' title='bbox 328 2629 422 2733; x_wconf 59' lang='lat'>5³..</span> <span class='ocrx_word' id='word_1_410' title='bbox 449 2608 1482 2731; x_wconf 53' lang='grc' dir='ltr'>ἳζὶῗὲῗοἓωΑὲῗθὲῑιῖῗΞέἵῖὲξῆέἒὲἭ</span> <span class='ocrx_word' id='word_1_411' title='bbox 1513 2607 1699 2723; x_wconf 64' lang='grc' dir='ltr'>ἶῖἕὲῖῖἕ</span> <span class='ocrx_word' id='word_1_412' title='bbox 1732 2606 2728 2742; x_wconf 54' lang='grc' dir='ltr'>Ξῗ“,ἱῗὲῗεὲ“,ἶῗέίζξᾜαῧὲΐωᾞ”ῗῗρὶζζ</span> 
     </span>
     <span class='ocr_line' id='line_1_37' title="bbox 1347 2710 1362 2735; baseline 0 0"><span class='ocrx_word' id='word_1_413' title='bbox 1347 2710 1362 2735; x_wconf 68' lang='lat'>7</span> 
     </span>
     <span class='ocr_line' id='line_1_38' title="bbox 330 2742 2727 2813; baseline -0.003 -12"><span class='ocrx_word' id='word_1_414' title='bbox 330 2752 641 2813; x_wconf 79' lang='lat' dir='ltr'>intelligerent</span> <span class='ocrx_word' id='word_1_415' title='bbox 675 2755 722 2797; x_wconf 94' lang='lat' dir='ltr'>et</span> <span class='ocrx_word' id='word_1_416' title='bbox 754 2746 932 2795; x_wconf 81' lang='lat' dir='ltr'>festivis</span> <span class='ocrx_word' id='word_1_417' title='bbox 967 2745 1127 2793; x_wconf 89' lang='lat' dir='ltr'>animis</span> <span class='ocrx_word' id='word_1_418' title='bbox 1163 2742 1467 2806; x_wconf 71' lang='lat' dir='ltr'>exciperent?</span> <span class='ocrx_word' id='word_1_419' title='bbox 1532 2742 1647 2791; x_wconf 88' lang='lat' dir='ltr'>Nam</span> <span class='ocrx_word' id='word_1_420' title='bbox 1693 2742 1817 2791; x_wconf 90' lang='lat' dir='ltr'>bello</span> <span class='ocrx_word' id='word_1_421' title='bbox 1861 2743 2033 2792; x_wconf 86' lang='lat' dir='ltr'>Punico</span> <span class='ocrx_word' id='word_1_422' title='bbox 2067 2744 2298 2805; x_wconf 88' lang='lat' dir='ltr'>secundo,</span> <span class='ocrx_word' id='word_1_423' title='bbox 2339 2758 2433 2809; x_wconf 77' lang='lat' dir='ltr'>quo</span> <span class='ocrx_word' id='word_1_424' title='bbox 2465 2744 2568 2808; x_wconf 85' lang='lat' dir='ltr'>ipso</span> <span class='ocrx_word' id='word_1_425' title='bbox 2601 2752 2727 2794; x_wconf 82' lang='lat' dir='ltr'>tem-</span> 
     </span>
     <span class='ocr_line' id='line_1_39' title="bbox 319 2810 2726 2886; baseline -0.002 -18"><span class='ocrx_word' id='word_1_426' title='bbox 319 2834 449 2886; x_wconf 70' lang='lat' dir='ltr'>‘pore</span> <span class='ocrx_word' id='word_1_427' title='bbox 481 2818 633 2867; x_wconf 81' lang='lat' dir='ltr'>floruit</span> <span class='ocrx_word' id='word_1_428' title='bbox 666 2817 849 2865; x_wconf 84' lang='lat' dir='ltr'>Plautus</span> <span class='ocrx_word' id='word_1_429' title='bbox 883 2812 1128 2879; x_wconf 86' lang='lat' dir='ltr'>paulloque</span> <span class='ocrx_word' id='word_1_430' title='bbox 1160 2817 1288 2877; x_wconf 87' lang='lat' dir='ltr'>post,</span> <span class='ocrx_word' id='word_1_431' title='bbox 1340 2825 1473 2874; x_wconf 83' lang='lat' dir='ltr'>quum</span> <span class='ocrx_word' id='word_1_432' title='bbox 1518 2810 1711 2859; x_wconf 84' lang='lat' dir='ltr'>Graecia</span> <span class='ocrx_word' id='word_1_433' title='bbox 1756 2813 1987 2862; x_wconf 84' lang='lat' dir='ltr'>civitatum</span> <span class='ocrx_word' id='word_1_434' title='bbox 2030 2811 2222 2862; x_wconf 85' lang='lat' dir='ltr'>dissidio</span> <span class='ocrx_word' id='word_1_435' title='bbox 2265 2820 2438 2862; x_wconf 72' lang='lat' dir='ltr'>mutilas</span> <span class='ocrx_word' id='word_1_436' title='bbox 2482 2813 2726 2864; x_wconf 72' lang='lat' dir='ltr'>simum-tes</span> 
     </span>
     <span class='ocr_line' id='line_1_40' title="bbox 318 2880 2727 2948; baseline -0.002 -10"><span class='ocrx_word' id='word_1_437' title='bbox 318 2893 450 2939; x_wconf 79' lang='lat' dir='ltr'>inter</span> <span class='ocrx_word' id='word_1_438' title='bbox 482 2903 536 2935; x_wconf 91' lang='lat' dir='ltr'>se</span> <span class='ocrx_word' id='word_1_439' title='bbox 569 2886 881 2935; x_wconf 89' lang='lat' dir='ltr'>exercentium</span> <span class='ocrx_word' id='word_1_440' title='bbox 915 2897 1063 2948; x_wconf 91' lang='lat' dir='ltr'>paene</span> <span class='ocrx_word' id='word_1_441' title='bbox 1095 2880 1153 2930; x_wconf 92' lang='lat' dir='ltr'>ad</span> <span class='ocrx_word' id='word_1_442' title='bbox 1188 2880 1440 2948; x_wconf 88' lang='lat' dir='ltr'>perniciem</span> <span class='ocrx_word' id='word_1_443' title='bbox 1483 2886 1797 2944; x_wconf 84' lang='lat' dir='ltr'>quassaretur,</span> <span class='ocrx_word' id='word_1_444' title='bbox 1846 2880 2041 2931; x_wconf 85' lang='lat' dir='ltr'>Romani</span> <span class='ocrx_word' id='word_1_445' title='bbox 2082 2881 2289 2931; x_wconf 83' lang='lat' dir='ltr'>ulteriori</span> <span class='ocrx_word' id='word_1_446' title='bbox 2334 2881 2559 2932; x_wconf 82' lang='lat' dir='ltr'>Graeciae</span> <span class='ocrx_word' id='word_1_447' title='bbox 2602 2899 2727 2932; x_wconf 72' lang='lat' dir='ltr'>mia</span> 
     </span>
     <span class='ocr_line' id='line_1_41' title="bbox 319 2948 2727 3020; baseline -0.003 -11"><span class='ocrx_word' id='word_1_448' title='bbox 319 2959 574 3009; x_wconf 75' lang='lat' dir='ltr'>intulerunt</span> <span class='ocrx_word' id='word_1_449' title='bbox 606 2957 774 3020; x_wconf 84' lang='lat' dir='ltr'>prima3</span> <span class='ocrx_word' id='word_1_450' title='bbox 827 2954 956 3000; x_wconf 87' lang='lat' dir='ltr'>cuius</span> <span class='ocrx_word' id='word_1_451' title='bbox 1001 2953 1119 3000; x_wconf 86' lang='lat' dir='ltr'>inter</span> <span class='ocrx_word' id='word_1_452' title='bbox 1160 2957 1399 3014; x_wconf 79' lang='lat' dir='ltr'>utrumque</span> <span class='ocrx_word' id='word_1_453' title='bbox 1443 2948 1657 3013; x_wconf 87' lang='lat' dir='ltr'>populum</span> <span class='ocrx_word' id='word_1_454' title='bbox 1700 2951 1963 2999; x_wconf 87' lang='lat' dir='ltr'>commercii</span> <span class='ocrx_word' id='word_1_455' title='bbox 2006 2957 2052 2999; x_wconf 89' lang='lat' dir='ltr'>et</span> <span class='ocrx_word' id='word_1_456' title='bbox 2091 2950 2427 3001; x_wconf 83' lang='lat' dir='ltr'>consuetudinis</span> <span class='ocrx_word' id='word_1_457' title='bbox 2462 2966 2727 3016; x_wconf 79' lang='lat' dir='ltr'>quamquam</span> 
     </span>
     <span class='ocr_line' id='line_1_42' title="bbox 325 3018 2727 3093; baseline -0.002 -18"><span class='ocrx_word' id='word_1_458' title='bbox 325 3028 416 3093; x_wconf 72' lang='lat' dir='ltr'>ipsi</span> <span class='ocrx_word' id='word_1_459' title='bbox 451 3026 754 3075; x_wconf 86' lang='lat' dir='ltr'>Athenienses</span> <span class='ocrx_word' id='word_1_460' title='bbox 789 3022 1095 3087; x_wconf 87' lang='lat' dir='ltr'>potissimum,</span> <span class='ocrx_word' id='word_1_461' title='bbox 1130 3035 1156 3066; x_wconf 93' lang='lat' dir='ltr'>a</span> <span class='ocrx_word' id='word_1_462' title='bbox 1190 3035 1308 3082; x_wconf 89' lang='lat' dir='ltr'>rege</span> <span class='ocrx_word' id='word_1_463' title='bbox 1341 3018 1554 3081; x_wconf 82' lang='lat' dir='ltr'>Philippo</span> <span class='ocrx_word' id='word_1_464' title='bbox 1587 3020 1770 3078; x_wconf 81' lang='lat' dir='ltr'>vexati,</span> <span class='ocrx_word' id='word_1_465' title='bbox 1808 3018 1945 3066; x_wconf 87' lang='lat' dir='ltr'>missa</span> <span class='ocrx_word' id='word_1_466' title='bbox 1978 3018 2173 3067; x_wconf 80' lang='lat' dir='ltr'>Romam</span> <span class='ocrx_word' id='word_1_467' title='bbox 2207 3019 2266 3068; x_wconf 89' lang='lat' dir='ltr'>de</span> <span class='ocrx_word' id='word_1_468' title='bbox 2300 3018 2489 3070; x_wconf 74' lang='lat' dir='ltr'>ferenda</span> <span class='ocrx_word' id='word_1_469' title='bbox 2524 3033 2615 3084; x_wconf 79' lang='lat' dir='ltr'>ope</span> <span class='ocrx_word' id='word_1_470' title='bbox 2647 3020 2727 3070; x_wconf 86' lang='lat' dir='ltr'>le·-</span> 
     </span>
     <span class='ocr_line' id='line_1_43' title="bbox 317 3084 2726 3158; baseline -0.002 -13"><span class='ocrx_word' id='word_1_471' title='bbox 317 3097 532 3158; x_wconf 73' lang='lat' dir='ltr'>gatione,</span> <span class='ocrx_word' id='word_1_472' title='bbox 565 3094 756 3158; x_wconf 87' lang='lat' dir='ltr'>primam</span> <span class='ocrx_word' id='word_1_473' title='bbox 790 3105 945 3139; x_wconf 87' lang='lat' dir='ltr'>ansam</span> <span class='ocrx_word' id='word_1_474' title='bbox 981 3088 1220 3137; x_wconf 86' lang='lat' dir='ltr'>attulerunt</span> <span class='ocrx_word' id='word_1_475' title='bbox 1253 3088 1378 3150; x_wconf 83' lang='lat' dir='ltr'>(Liv.</span> <span class='ocrx_word' id='word_1_476' title='bbox 1411 3084 1581 3134; x_wconf 83' lang='lat' dir='ltr'>XXXI.</span> <span class='ocrx_word' id='word_1_477' title='bbox 1619 3085 1644 3133; x_wconf 91' lang='lat'>1</span> <span class='ocrx_word' id='word_1_478' title='bbox 1684 3094 1729 3134; x_wconf 90' lang='lat' dir='ltr'>et</span> <span class='ocrx_word' id='word_1_479' title='bbox 1764 3088 1842 3148; x_wconf 89' lang='lat'>5),</span> <span class='ocrx_word' id='word_1_480' title='bbox 1873 3086 2185 3136; x_wconf 84' lang='lat' dir='ltr'>Romanorum</span> <span class='ocrx_word' id='word_1_481' title='bbox 2215 3095 2363 3138; x_wconf 90' lang='lat' dir='ltr'>tamen</span> <span class='ocrx_word' id='word_1_482' title='bbox 2398 3089 2608 3150; x_wconf 86' lang='lat' dir='ltr'>legiones</span> <span class='ocrx_word' id='word_1_483' title='bbox 2633 3103 2726 3139; x_wconf 87' lang='lat' dir='ltr'>non</span> 
     </span>
     <span class='ocr_line' id='line_1_44' title="bbox 326 3154 2724 3224; baseline -0.003 -10"><span class='ocrx_word' id='word_1_484' title='bbox 326 3164 548 3224; x_wconf 84' lang='lat' dir='ltr'>Athenas,</span> <span class='ocrx_word' id='word_1_485' title='bbox 581 3160 665 3210; x_wconf 87' lang='lat' dir='ltr'>sed</span> <span class='ocrx_word' id='word_1_486' title='bbox 700 3157 1015 3209; x_wconf 80' lang='lat' dir='ltr'>Macedoniam</span> <span class='ocrx_word' id='word_1_487' title='bbox 1050 3157 1241 3221; x_wconf 89' lang='lat' dir='ltr'>primum</span> <span class='ocrx_word' id='word_1_488' title='bbox 1275 3155 1546 3221; x_wconf 80' lang='lat' dir='ltr'>patefactum</span> <span class='ocrx_word' id='word_1_489' title='bbox 1571 3155 1720 3203; x_wconf 87' lang='lat' dir='ltr'>ierunt</span> <span class='ocrx_word' id='word_1_490' title='bbox 1743 3162 1788 3204; x_wconf 90' lang='lat' dir='ltr'>et</span> <span class='ocrx_word' id='word_1_491' title='bbox 1812 3154 2094 3204; x_wconf 89' lang='lat' dir='ltr'>debellatum.</span> <span class='ocrx_word' id='word_1_492' title='bbox 2148 3155 2285 3206; x_wconf 85' lang='lat' dir='ltr'>Ante</span> <span class='ocrx_word' id='word_1_493' title='bbox 2306 3158 2395 3207; x_wconf 84' lang='lat' dir='ltr'>hoc</span> <span class='ocrx_word' id='word_1_494' title='bbox 2416 3155 2583 3205; x_wconf 80' lang='lat' dir='ltr'>bellum</span> <span class='ocrx_word' id='word_1_495' title='bbox 2606 3172 2724 3207; x_wconf 76' lang='lat' dir='ltr'>vero</span> 
     </span>
    </p>
   </div>
   <div class='ocr_carea' id='block_1_3' title="bbox 320 3223 2725 3294">
    <p class='ocr_par' dir='ltr' id='par_1_3' title="bbox 320 3223 2725 3294">
     <span class='ocr_line' id='line_1_45' title="bbox 320 3223 2725 3294; baseline -0.004 -10"><span class='ocrx_word' id='word_1_496' title='bbox 320 3232 673 3284; x_wconf 68' lang='lat' dir='ltr'>&#39;Macedonicum</span> <span class='ocrx_word' id='word_1_497' title='bbox 708 3243 857 3294; x_wconf 81' lang='lat' dir='ltr'>neque</span> <span class='ocrx_word' id='word_1_498' title='bbox 891 3227 1100 3290; x_wconf 85' lang='lat' dir='ltr'>Graecis,</span> <span class='ocrx_word' id='word_1_499' title='bbox 1137 3226 1305 3292; x_wconf 87' lang='lat' dir='ltr'>quippe</span> <span class='ocrx_word' id='word_1_500' title='bbox 1346 3223 1506 3291; x_wconf 77' lang='lat' dir='ltr'>quibus</span> <span class='ocrx_word' id='word_1_501' title='bbox 1547 3223 1658 3277; x_wconf 81' lang='lat' dir='ltr'>aihit</span> <span class='ocrx_word' id='word_1_502' title='bbox 1691 3223 1990 3292; x_wconf 74' lang='lat' dir='ltr'>periculosius</span> <span class='ocrx_word' id='word_1_503' title='bbox 2026 3226 2172 3278; x_wconf 77' lang='lat' dir='ltr'>visam</span> <span class='ocrx_word' id='word_1_504' title='bbox 2208 3235 2342 3277; x_wconf 60' lang='lat' dir='ltr'>efflet-</span> <span class='ocrx_word' id='word_1_505' title='bbox 2363 3239 2504 3294; x_wconf 76' lang='lat' dir='ltr'>quam.</span> <span class='ocrx_word' id='word_1_506' title='bbox 2534 3227 2600 3282; x_wconf 70' lang='grc' dir='ltr'>εἰς</span> <span class='ocrx_word' id='word_1_507' title='bbox 2633 3224 2725 3285; x_wconf 61' lang='lat' dir='ltr'>fuir</span> 
     </span>
    </p>
   </div>
  </div>
 </body>
</html>
