2908 3552
1227 140 1309 163 --
1412 114 1510 184 „1⁶
1624 144 1703 161 -

810 261 881 312 Ea
915 261 991 310 ibo
1027 260 1317 323 obsonatum,
1351 260 1515 312 eadem
1547 261 1749 311 referam
1783 260 2021 311 obsonium

813 331 906 380 Per
940 330 1141 390 hortum3
1182 337 1374 394 utroque
1408 338 1684 381 commeatus
1718 333 1929 385 continet.
2458 355 2461 358 >

268 405 328 457 Et
358 403 583 471 prologus
619 398 813 450 casinae
847 415 911 448 ex
944 399 1129 464 Diphilo
1164 414 1450 461 conversae,
1503 415 1636 464 quem
1677 393 1920 465 prologum
1962 399 2063 449 fere
2103 400 2297 463 triginta
2332 411 2439 469 post
2476 404 2668 470 prim

269 475 452 559 tabulae
485 473 711 522 actionem
744 470 959 532 scriptum
995 482 1117 527 esse,
1151 483 1228 515 res
1264 469 1365 531 ipsa
1396 468 1553 530 docet,
1589 469 1647 517 de
1682 469 1815 518 simili
1849 483 1979 517 more
2012 468 2168 517 Attico
2202 469 2319 520 haec
2348 472 2510 522 habet:

816 536 932 585 Sunt
965 535 1063 599 hic,
1098 551 1212 600 quos
1248 536 1391 585 credo
1427 553 1546 586 nunc
1579 539 1696 586 inter
1729 553 1783 587 se
1819 537 1996 586 dicere:

817 605 1000 664 Quaeso
1036 605 1231 667 Hercle,
1265 605 1373 670 quid
1407 607 1522 654 istuc
1557 606 1660 655 est?
1695 607 1892 656 serviles
1926 605 2144 671 nuptiae?

818 673 1016 725 Servine
1049 688 1245 722 uxorem
1281 674 1444 723 ducent
1477 681 1551 723 aut
1585 682 1778 739 poscent
1812 674 1934 724 sibi?

811 742 993 791 Novum
1027 742 1291 802 attulerunt,
1327 742 1448 807 quod
1483 743 1530 791 fit
1564 757 1782 808 nusquam
1815 744 2027 806 gentium.

813 812 877 860 At
912 825 1005 873 ego
1040 812 1115 859 aio
1152 811 1241 859 hoc
1274 812 1373 860 fieri
1408 813 1453 860 in
1491 811 1686 860 Graecia
1719 820 1766 862 et
1801 812 2062 876 Carthagini

818 879 877 928 Et
913 880 987 928 hic
1021 881 1068 928 in
1102 888 1257 929 nostra
1292 889 1414 929 terra
1449 882 1496 929 in
1529 879 1708 945 Apulia.
1747 909 1807 917 -—
1849 907 1910 918 ———

816 948 871 998 ld
906 950 952 996 ni
988 949 1069 1009 sit,
1103 965 1278 996 mecum
1314 951 1503 1012 pignus,
1539 951 1577 997 si
1614 951 1713 1013 quis
1746 950 1870 1011 volt,
1906 949 2012 998 dato

816 1016 872 1066 In
906 1032 1064 1066 urnam
1099 1017 1255 1078 mulsi,
1290 1018 1470 1067 Poenus
1506 1017 1610 1066 dum
1644 1018 1786 1067 iudex
1820 1020 1922 1078 siet,

814 1086 906 1134 Vel
943 1086 1145 1134 Graecus
1181 1085 1323 1146 adeo,
1357 1087 1435 1135 vel
1470 1102 1571 1134 mea
1607 1101 1742 1134 cansa
1776 1087 1996 1152 Appulus.

271 1156 332 1207 Et
359 1156 532 1205 ‘Graeci
566 1155 794 1203 sermonis
830 1169 988 1218 parum
1022 1169 1193 1216 gnaros
1229 1154 1370 1202 fuisse
1404 1156 1500 1202 istis
1541 1155 1819 1219 temporibus
1854 1154 2114 1215 RomanoS,
2165 1156 2204 1203 si
2247 1157 2527 1205 nesciremus
2573 1154 2671 1204 Ga-

268 1228 391 1289 tonis
422 1225 679 1288 superioris
712 1230 920 1286 tempore
957 1219 1006 1269 C.
1038 1221 1236 1269 Acilium
1277 1223 1355 1270 vel
1393 1221 1600 1270 Coelium
1643 1238 1705 1271 ex
1739 1222 1932 1272 Senatus
1976 1224 2242 1272 auctoritate
2282 1225 2415 1273 trium
2458 1223 2671 1289 philoso-

337 1309 466 1343 orum
500 1292 757 1340 Atticorum
791 1292 962 1354 primos
998 1306 1235 1338 sermones
1270 1291 1429 1338 Latine
1462 1293 1800 1355 interpretatum
1835 1306 1940 1338 esse
1976 1291 2226 1351 (Plutarch.
2263 1291 2358 1339 Cat.
2392 1296 2494 1340 mai.
2517 1307 2556 1339 c.
2578 1293 2671 1351 22·,

271 1297 475 1417 fficrob.
510 1358 757 1408 Saturn.1.
793 1359 869 1419 5),
903 1364 978 1405 aut
1011 1359 1050 1406 si
1085 1358 1224 1406 multo
1258 1365 1364 1422 post
1387 1356 1572 1418 Cicero,
1608 1374 1791 1407 suorum
1816 1359 2043 1407 hominum
2066 1363 2425 1424 promptissimus
2450 1361 2677 1421 laudator,

270 1431 458 1481 Graece
480 1428 713 1477 Romanos
739 1427 839 1476 fere
861 1427 1060 1488 nescire,
1093 1441 1188 1475 non
1222 1427 1462 1476 confessus
1498 1434 1621 1476 esset
1656 1428 1921 1489 (Tusculan.
1945 1427 2103 1475 v.40.
2131 1426 2273 1490 116),
2309 1428 2498 1476 doceret
2519 1427 2671 1479 addita

270 1500 455 1566 saepius
489 1496 609 1563 apud
642 1497 846 1547 Plautum
883 1495 1163 1544 Graecorum
1196 1495 1524 1545 vocabulorum
1558 1496 1714 1546 Latina
1749 1498 2073 1560 interpretatio.
2150 1496 2275 1546 Milit.
2308 1497 2672 1560 glor.11.1,8:

817 1563 1036 1613 Alazon
1073 1563 1253 1614 Graece
1289 1565 1391 1614 huic
1426 1581 1593 1614 nomen
1628 1572 1697 1614 est
1731 1564 2018 1627 comoediae,

817 1632 871 1682 Id
905 1648 991 1683 nos
1026 1633 1185 1683 Latine
1222 1634 1547 1684 Gloriosum
1582 1633 1783 1684 dicimus.

262 1706 460 1755 ,Μαι-σαι.
494 1702 676 1768 prolog.
711 1702 767 1750 9:

819 1769 999 1818 Graece
1034 1770 1148 1819 haec
1182 1779 1374 1820 vocatur
1408 1785 1673 1834 emporos
1710 1768 1994 1820 Philemonis.

817 1837 995 1888 Eadem
1029 1839 1187 1888 Latine
1221 1848 1506 1889 mercator
1541 1838 1687 1887 Macci
1725 1865 1786 1873 ——

275 1912 472 1962 Gasinae
504 1909 688 1975 prolog.
723 1906 813 1957 31
801 1924 813 1935 ·

823 1974 1202 2025 Clerumenoe
1235 1982 1427 2026 vocatur
1462 1975 1576 2025 haec
1612 1975 1852 2026 comoedia

824 2044 1031 2105 Graece,
1066 2045 1225 2093 Lat-ine
1260 2046 1580 2094 sortientes
1618 2061 1709 2103 ——3

274 2134 362 2168 nec
396 2117 543 2165 solum
577 2115 624 2162 in
658 2113 897 2178 prologiS,
945 2115 1021 2177 qui
1055 2115 1094 2162 si
1130 2115 1382 2162 retractatis
1418 2112 1595 2161 demum
1632 2113 1792 2162 fabulis
1828 2112 1967 2162 additi
2002 2089 2128 2176 sunt,
2179 2129 2269 2179 quo
2313 2095 2596 2167 recentiores
2627 2123 2677 2169 et

277 2189 584 2253 suspectiores
618 2182 889 2232 videbuntur
925 2195 1054 2243 esse,
1106 2198 1164 2231 eo
1201 2185 1347 2246 magis
1382 2182 1490 2230 illud
1526 2182 1646 2247 quod
1684 2182 1780 2230 dixi
1815 2182 2094 2247 probabunt,
2144 2184 2229 2232 sed
2276 2186 2410 2233 etiam
2444 2184 2491 2234 in
2525 2184 2675 2235 fabula

276 2259 378 2320 ipsa
413 2256 513 2302 talis
549 2253 715 2302 Graeci
750 2252 946 2299 nominis
981 2253 1293 2315 interpretatio
1330 2252 1556 2298 invenitur
1592 2252 1849 2298 Truculent.
1886 2251 2128 2310 1.1,58:

823 2318 938 2367 Nam
973 2319 1081 2368 mihi
1117 2320 1230 2368 haec
1265 2321 1508 2381 meretrix,
1544 2336 1661 2384 quae
1696 2319 1768 2368 hic
1792 2318 1963 2376 l,iabet
2000 2318 2314 2384 Phronesium,

826 2387 964 2436 Suum
999 2404 1166 2438 nomen
1203 2405 1337 2438 omne
1373 2404 1434 2437 ex
1469 2397 1658 2454 pectore
1693 2390 1898 2437 exmovit
1932 2402 2054 2452 meo,

822 2457 1144 2517 Phronesium,
1178 2475 1282 2507 nam
1317 2458 1557 2523 phronesis
1592 2466 1662 2506 est
1695 2459 1926 2521 sapient-ia.
1937 2457 1992 2517 ¹*)

263 2632 267 2642 ²
306 2601 343 2650 ''
381 2597 501 2703 ῗέῗὶ*
520 2593 2680 2720 mitit?'3:23332..‘'22:¹33ss522?.¹:‘;'.052225‚‘32'‘32‚{32⁰5}'¹28'·:.‘.‘i'.¹t.‘÷t.‘”;:’.?‚'.'.‘.⁰':'..‘l':.';”‘÷:‘'„¹33⁰

396 2719 437 2752 et
468 2712 571 2752 Edd.
600 2711 791 2751 ‘omnibus
824 2716 1030 2765 reputans,
1061 2723 1183 2763 quum
1215 2709 1364 2761 vulgus
1394 2715 1686 2762 spectatorum,
1714 2710 1750 2748 si
1782 2722 1805 2748 a
1835 2721 2052 2762 quoquam,
2082 2715 2193 2759 certe
2223 2723 2247 2750 a
2275 2710 2542 2751 nitriensibus
2563 2725 2680 2752 aeeo-

394 2772 445 2812 tis
475 2772 583 2810 illam
614 2783 754 2810 vocem
787 2769 1054 2809 inaudivisset
1084 2767 1296 2823 ([-ρόνασιν
1322 2767 1685 2820 pronunciantibus
1722 2766 2069 2820 (C1.Ecphanu=s
2087 2768 2208 2829 apud
2240 2768 2463 2809 stobaeum
2496 2770 2639 2809 serm·-
2614 2784 2680 2810 un.

392 2828 520 2869 XVlll
567 2833 640 2867 ter
669 2832 712 2867 et
743 2826 915 2878 Phimys
946 2826 1054 2879 apud
1087 2830 1213 2865 eund.
1238 2825 1370 2865 serm.
1401 2823 1583 2864 LxxtV.
1615 2825 1740 2872 bis).
1771 2824 1876 2878 plebi
1909 2819 2139 2873 Romanae,
2171 2828 2334 2866 Atticae
2365 2826 2526 2866 dialecti
2559 2828 2680 2867 insci·

394 2887 476 2925 euti
507 2890 546 2924 et
567 2886 750 2924 Graecae
782 2885 864 2932 liwv
868 2898 944 2922 uae
967 2883 1041 2922 hos
1006 2884 1131 2937 vaput,
1157 2897 1195 2922 ιι
1197 2898 1235 2921 ιι
1268 2883 1323 2921 ita
1354 2883 1574 2935 proclivem
1603 2882 1772 2921 arbitror
1802 2883 1903 2921 futes
1907 2897 1930 2921 e
1957 2884 2093 2929 istius,
2123 2889 2167 2922 ut
2196 2886 2251 2922 ita
2275 2884 2418 2931 dicam,
2449 2886 2678 2937 agnomina-

394 2943 517 2985 tionis
548 2917 862 2995 intelligendae*
867 2942 1112 2988 facultatem,
1144 2946 1186 2981 ut
1209 2940 1382 2981 Plautus
1413 2944 1565 2980 temere
1596 2943 1637 2979 et
1666 2946 1825 2993 practer
1855 2941 2143 2981 necessitatem
2167 2940 2263 2980 illud
2285 2942 2680 2995 interpretamentum

394 3001 607 3042 addidisse
638 3005 813 3055 putetur.
874 2999 1081 3041 Adstrictc
1112 2999 1214 3038 euin·
1248 2997 1422 3039 Plautus
1454 2997 1493 3038 iu
1523 2997 1915 3052 agnoniinatiouibus
1945 2998 2120 3039 sonitum
2141 2999 2326 3054 sequitur
2346 3000 2569 3048 verborum,
2602 3015 2679 3040 non

394 3060 631 3129 peregrinae
662 3059 836 3097 dialecti.
896 3058 1000 3096 Hinc
1031 3057 1282 3111 Epidamnus
1313 3057 1476 3096 damni
1508 3069 1624 3095 omen
1658 3061 1911 3110 nuncupatur
1939 3055 2211 3104 (Menaechm.
2243 3055 2285 3097 ΙΙ.
2325 3058 2356 3105 Ι,
2386 3057 2472 3107 38),
2503 3061 2559 3098 ct
2575 3053 2682 3111 qt'nie

393 3118 473 3158 iam
503 3130 635 3183 paene
667 3115 811 3157 Latine
839 3117 890 3156 ad
922 3129 1046 3156 aures
1076 3114 1285 3162 accidunt,
1317 3114 1631 3155 Crucisalus
1662 3129 1685 3154 e
1716 3115 1917 3168 Chrysalo
1949 3114 2107 3167 lingitur
2137 3114 2273 3161 (Bac.
2277 3113 2315 3156 Ιι.
2345 3115 2390 3156 ll.
2419 3118 2460 3164 3,
2499 3116 2601 3164 ¹28)
2632 3130 2682 3157 ac

396 3172 644 3217 Saturionist'
658 3188 801 3216 nomen
833 3174 1052 3230 opponitur
1081 3173 1340 3214 esurienti
1370 3172 1512 3223 (Pers.
1542 3171 1569 3213 l.
1600 3173 1644 3216 3.
1676 3173 1768 3221 23),
1814 3176 1856 3212 nt
1891 3186 1920 3214 a
1964 3172 2209 3215 demendo
2248 3171 2549 3231 Ἀρχιδαμίδας
2588 3175 2681 3216 duci

394 3247 474 3276 non
504 3235 655 3289 potuit,
684 3234 761 3275 sed
792 3236 923 3289 potuit
954 3230 1349 3278 Archidemides
1380 3230 1593 3282 (Bucehid.
1623 3230 1667 3275 ΙΙ.
1699 3232 1743 3280 3,
1770 3231 1856 3282 5⁰>
1929 3276 1932 3277 ⁷
1995 3257 1998 3261 ·
