2908 3552
1251 152 1330 164 —
1442 118 1486 180 ⁸
1598 149 1678 166 ῳ

264 285 343 326 m
377 265 571 317 aedidit
604 267 813 329 (Asinar.
845 267 905 317 11.
927 281 992 316 se.
1014 267 1106 330 4.),
1138 266 1276 318 ιιοιιιο
1302 265 1389 319 ille
1422 265 1674 316 vehemens
1709 271 1756 314 et
1784 263 1929 317 dum
1947 266 2010 316 ia
2046 266 2272 337 ”liquam
2302 280 2568 333 μενοι-α
2571 267 2662 325 su·-

262 339 454 400 miliam,
487 335 578 385 dat.
595 343 761 385 mutilo
781 338 1019 401 pecuniam
1051 335 1222 384 domini
1254 335 1379 397 loco,
1411 334 1571 384 vendit
1601 336 1758 385 vinum
1779 341 1838 384 et
1869 335 2039 385 oleum
2033 333 2339 405 enm
2369 339 2516 390 atim
2521 324 2667 388 adeo

262 408 427 466 vicarii
459 416 630 471 epera⁶
661 420 755 455 ιιοιι
789 405 919 454 deest
950 419 1136 468 promus
1170 403 1371 464 condus,
1404 406 1669 452 auctoritate
1702 405 1887 453 atriensi
1909 417 2065 469 paene
2077 416 2179 469 par-
2174 404 2410 468 -fflennb
2416 397 2521 459 81.
2519 405 2586 469 4,·
2602 406 2663 467 63

265 474 481 527 Pseudol.
516 475 574 524 11.
608 473 659 533 2,
695 472 815 534 14),
849 474 953 522 sive
985 472 1198 521 cellarius
1232 469 1636 536 (Captiv.1V.2,
1673 471 1817 535 115),
1849 473 1951 539 ipse
1984 485 2182 538 quoque
2199 486 2367 539 operav
2363 481 2519 526 men
2539 486 2661 543 sup-⁶·

264 545 416 612 promi
451 543 570 606 (Mil.
591 543 709 606 glor.
733 541 815 591 111.
838 540 889 604 2,
914 541 1032 605 12);
1064 540 1194 590 adest
1224 540 1450 606 reliquum
1484 556 1680 591 examen
1713 543 2062 607 mancipiorum,
2089 543 2457 608 vestispicormn,
2489 551 2663 605 nnete-

264 629 384 676 rnm,
416 616 514 662 auri
536 611 771 661 custodum
793 626 877 660 seu
897 618 1100 660 actorum
1123 610 1333 670 (Asinar.
1349 611 1407 659 11.
1430 610 1482 671 4,
1505 611 1616 672 53),
1649 609 2032 671 flabellil'erarum,
2065 609 2518 676 sandaligerularun,
2534 613 2664 663 can-''-

264 685 452 743 tricum‚
495 680 854 740 cistellatricum,
896 679 1192 739 nunciorum,
1224 679 1546 727 renunciorum
1581 677 1807 739 (Trinum.
1830 677 1888 727 ΙΙ.
1925 677 1973 740 1,
2006 677 2120 741 22),
2152 678 2487 734 adversitatum
2521 674 2662 743 (lto-

264 750 434 816 stellar.
467 751 677 829 person.)
710 748 1132 796 lectisterniatorum
1179 745 1418 808 (Pseudol.
1452 746 1486 794 1.
1518 745 1569 808 2,
1603 746 1716 809 29),
1750 752 2019 796 structorum
2052 746 2359 809 (Mamaeum.
2392 747 2428 797 Ι.
2450 748 2510 811 1,
2538 745 2664 814 25)”;

263 819 587 867 intromtteris
608 832 636 863 a
672 816 810 864 dotali
841 829 983 864 servo
1018 814 1296 876 (Asinar.1.
1323 813 1369 875 1,
1394 813 1486 875 72)
1521 815 1569 862 in
1609 822 1844 863 matronae
1887 814 2128 875 conclave,
2160 814 2238 864 ubi
2267 783 2542 880 apparantur
2571 832 2664 868 ce-

264 887 498 936 lebritates
531 883 902 933 matronaliormn
933 889 981 931 et
1014 881 1367 947 Quinquatruum
1401 881 1554 943 (Milit.
1587 882 1708 944 glor.
1738 883 1819 933 111.
1854 882 1903 946 1,
1935 883 2013 932 96.
2044 882 2157 948 97),
2178 882 2354 935 adsunt
2383 893 2665 950 praecanta-

264 957 431 1015 trices,
463 954 789 1011 coniectrices,
822 951 1053 1012 hariolae,
1087 951 1382 1014 haruspicae,
1416 950 1659 1014 piatrices,
1689 952 1924 1013 cerariae,
1958 950 2253 1015 obstetrices,
2295 954 2493 1001 nuh-ices
2522 954 2664 1016 (ibid.

265 1023 410 1072 98.-
423 1022 574 1083 103),
610 1022 861 1068 ornatrices
897 1019 1115 1081 (Mostell.
1152 1019 1185 1067 1.
1210 1018 1259 1079 3,
1283 1017 1394 1080 91),
1429 1017 1646 1080 ancillae,
1680 1017 1922 1081 muliones,
1953 1018 2215 1084 pedisequi,
2249 1019 2547 1084 salutigeruli,
2581 1021 2664 1073 fa·-

264 1091 415 1140 mulae
450 1089 677 1151 (Aulular.
700 1087 782 1137 111
807 1090 856 1149 5,
890 1087 957 1135 27
992 1102 1058 1151 sq.
1092 1086 1274 1135 Asinar.
1305 1086 1339 1134 1.
1373 1086 1422 1146 3,
1446 1085 1565 1147 32);
1610 1085 1774 1135 adsunt
1814 1094 1998 1152 praeter
2029 1087 2128 1138 hos
2170 1087 2377 1142 assiduos
2421 1090 2574 1140 mundi
2618 1100 2663 1147 et

264 1160 409 1209 cultus
443 1157 673 1207 muliebris
707 1155 995 1205 administros
1029 1170 1201 1218 greges
1236 1156 1488 1203 institorum
1523 1161 1570 1203 et
1600 1154 1961 1205 tabernariorum
1995 1163 2044 1206 et
2075 1157 2285 1222 opificum
2320 1164 2367 1206 et
2411 1159 2664 1224 cauponum

264 1237 361 1279 tota
392 1228 512 1277 atria
539 1225 820 1290 complentes
856 1232 902 1273 et
934 1239 1020 1289 pro
1055 1223 1185 1273 sactis
1220 1238 1276 1271 ac
1309 1222 1500 1271 redditis
1534 1223 1626 1272 suis
1662 1224 1852 1287 quisque
1885 1225 2102 1288 operibus
2136 1232 2182 1273 et
2213 1226 2452 1275 lenociniis
2482 1235 2662 1291 pactam

264 1296 528 1346 mercedem
562 1301 608 1343 et
639 1294 857 1341 mercium
889 1293 1035 1357 pretia
1069 1293 1310 1371 exigentes
1344 1297 1433 1339 tam
1467 1305 1632 1354 magna
1665 1297 1845 1356 tamque
1878 1291 2037 1354 effusa,
2067 1299 2116 1342 ιιι
2146 1293 2308 1342 mulier
2339 1294 2436 1343 istis
2458 1296 2675 1346 vestibus--

265 1365 420 1415 induta
451 1370 607 1426 totque
640 1362 916 1410 ornamentis
951 1360 1111 1409 affecta
1146 1361 1273 1424 quasi
1309 1359 1499 1408 fundis
1546 1366 1824 1409 exornata
1857 1375 1959 1424 per
1991 1362 2123 1411 vias
2164 1360 2445 1411 incedere
2489 1363 2663 1414 dicatur

268 1432 498 1495 (Aulular.
532 1430 614 1479 111.
648 1431 698 1488 5,
731 1429 872 1478 34-
883 1427 975 1489 48;
1007 1428 1140 1492 Epid.
1175 1429 1233 1476 11
1268 1427 1319 1489 2,
1352 1427 1460 1490 42).
1535 1428 1664 1476 Haec
1698 1435 1744 1476 et
1775 1428 1882 1477 talia
1916 1430 1956 1477 si
1991 1430 2092 1494 quis
2126 1445 2159 1477 a
2191 1430 2381 1479 Graecis
2416 1429 2536 1479 dicta
2552 1448 2664 1498 spn—

266 1509 357 1562 tat,
391 1507 518 1547 certe
550 1512 644 1547 non
677 1496 734 1545 ab
768 1497 948 1557 Attico,
990 1495 1074 1544 sed
1115 1495 1173 1543 ab
1220 1510 1279 1543 eo
1325 1495 1507 1544 Graeco
1552 1495 1760 1560 profecta
1801 1503 1988 1544 censeat
2021 1504 2228 1562 oportet,
2261 1499 2349 1563 qni
2372 1497 2549 1549 Romae
2581 1501 2664 1552 vel

266 1537 476 1633 iii-'ltalia
511 1572 585 1615 aut
616 1572 762 1626 natus,
796 1572 872 1613 aut
906 1564 1067 1613 diutius
1103 1570 1406 1613 commoratus
1440 1563 1748 1613 Romanorum
1779 1566 1920 1614 vitam
1962 1571 2009 1614 et
2050 1565 2209 1615 studia
2228 1566 2575 1630 observaverit,
2618 1577 2665 1620 et

266 1639 467 1700 linguam
489 1636 689 1685 Latinam
723 1601 1009 1694 a'ddidieerit,
1042 1649 1131 1681 nec
1162 1640 1313 1680 tamen
1347 1639 1536 1696 possunt
1567 1633 1645 1680 illa
1679 1633 1736 1680 ab
1770 1634 1863 1681 ullo
1899 1648 2058 1681 eorum
2090 1642 2344 1702 poetarmn,
2379 1650 2494 1701 quos
2518 1636 2662 1688 Plau—

265 1713 337 1757 tus
370 1720 445 1756 se
456 1709 659 1753 secutum
691 1701 953 1766 profitetur,
987 1707 1063 1750 aut
1095 1707 1343 1749 memorata
1378 1708 1453 1749 aut
1487 1703 1671 1762 cogar-a
1712 1701 1855 1750 fuisse
1889 1702 2052 1750 videri.
2124 1703 2190 1751 At
2220 1717 2345 1753 vero-
2373 1706 2421 1753 in
2455 1705 2662 1772 formulis

266 1781 313 1824 et
344 1774 393 1824 in
424 1769 681 1823 nominibus
713 1768 1000 1819 admittendis
1035 1768 1181 1819 facilis
1216 1768 1362 1830 fuisti,
1398 1784 1532 1850 quum
1566 1767 1626 1817 de
1661 1768 1877 1818 Terentio
1914 1768 2185 1836 disputabas.
2262 1770 2430 1821 Merito
2464 1775 2606 1823 istud
2618 1769 2665 1825 οι

267 1844 370 1908 quia
404 1842 507 1893 veri
539 1838 803 1890 inveniendi
835 1837 984 1888 studio
1017 1839 1133 1887 istuc
1166 1835 1374 1897 ferebar3
1407 1839 1455 1887 in
1489 1836 1648 1886 Plauto
1683 1837 1772 1887 alia
1805 1853 1883 1887 res
1919 1845 2014 1913 est,
2054 1840 2135 1904 qui
2166 1838 2280 1904 quid
2307 1845 2584 1905 spectaverit
2608 1852 2667 1894 et

266 1926 358 1976 quo
392 1909 740 1976 properaverit,
773 1914 820 1956 et
853 1908 1084 1956 crassiore
1115 1905 1194 1956 filo
1228 1904 1566 1955 comoediarum
1601 1912 1647 1955 et
1683 1920 1777 1956 non
1811 1906 1954 1957 semel
1986 1904 2064 1957 aut
2089 1919 2230 1970 raro,
2273 1907 2358 1958 sed
2403 1907 2670 1962 sexcenties·

267 1978 526 2028 deserendo
567 1978 723 2025 Attico
766 1989 898 2024 more
936 1975 1165 2024 indicavit.
1240 1975 1425 2040 Itaque,
1466 1981 1513 2024 ιιι
1555 1973 1704 2024 dicam
1738 1974 1860 2040 quod
1895 1977 2067 2038 sentio,
2110 1991 2230 2042 quae
2260 1991 2455 2042 unquam
2489 1982 2668 2046 possint

266 2049 385 2114 apud
420 2048 650 2107 Plautum,
683 2060 739 2093 ea
774 2060 838 2093 ex
870 2044 1179 2093 Romanorum
1211 2058 1318 2105 usu,
1364 2058 1459 2093 ιιοιι
1493 2057 1556 2092 ex
1588 2043 1743 2092 Attico
1785 2058 1957 2093 censeo
2002 2013 2227 2110 eiplieari
2261 2051 2504 2110 oportere,
2543 2060 2665 2113 qnae·

267 2126 414 2167 autem
447 2116 506 2165 ab
539 2115 702 2163 Atticis
743 2115 934 2161 comicis
978 2114 1130 2161 Attico
1173 2127 1304 2160 more
1351 2111 1470 2160 dicta
1516 2119 1646 2161 erant
1691 2119 1736 2160 et
1780 2128 1808 2161 a
1851 2113 2008 2162 Plauto
2050 2120 2263 2176 retenta,
2291 2127 2476 2163 eorum
2497 2115 2663 2167 bonam

267 2193 441 2251 partem
475 2191 549 2232 ant
582 2182 868 2230 obscuratam
903 2188 1005 2241 aut,
1044 2189 1093 2229 ιιι
1130 2189 1280 2229 tamen
1324 2181 1502 2228 Graeca
1542 2182 1620 2230 in
1631 2180 1795 2230 fabulis
1840 2183 2067 2243 inessent,
2110 2181 2306 2245 Magnae
2353 2182 2576 2235 Graeciae
2618 2193 2666 2236 et

267 2254 456 2303 Siciliae
489 2251 687 2300 moribus
721 2250 1010 2298 assimilatam
1043 2250 1205 2298 videri.
1280 2249 1502 2298 Nimirum
1545 2248 1741 2299 dandum
1786 2249 1875 2297 hoc
1918 2257 2016 2298 erat
2059 2258 2104 2298 et
2138 2250 2478 2301 concedendum
2521 2255 2666 2304 seculi

266 2323 498 2381 moribuS,
531 2327 579 2368 ut
611 2319 888 2383 palliatarum
923 2325 1090 2384 poetae
1123 2319 1170 2367 in
1206 2317 1470 2378 Graeciam,
1503 2317 1707 2368 Athenas
1742 2319 2038 2382 potissimum,
2071 2333 2256 2369 scenam
2290 2319 2551 2372 conferrent
2586 2332 2664 2372 at-

264 2397 570 2453 texerent-que
603 2388 765 2435 fabulis
799 2389 892 2434 suis
927 2387 1147 2467 quaedam
1185 2387 1350 2434 Graeci
1384 2388 1527 2435 moris
1562 2389 1782 2450 vestigia,
1817 2386 1998 2435 Plautus
2033 2401 2177 2448 vero,
2218 2394 2264 2436 ιιι
2299 2387 2516 2462 probaret
2551 2391 2664 2440 haec

266 2461 476 2508 locorum
510 2457 693 2506 nomina
728 2462 773 2502 et
807 2456 1078 2518 peregrinos
1112 2469 1296 2515 mores,
1329 2461 1495 2503 tantum
1529 2454 1695 2515 abfuit,
1739 2461 1786 2503 ut
1820 2462 1866 2503 et
1899 2462 2059 2520 poetas
2093 2455 2312 2504 Atticum
2333 2457 2509 2508 morem
2543 2459 2665 2508 reli-

267 2530 401 2592 giose
435 2531 635 2575 sectatos
657 2525 955 2589 vituperasse
991 2530 1036 2571 et
1068 2530 1350 2588 spectatores
1382 2525 1578 2587 egregie
1601 2523 1852 2573 ludificatus
1875 2539 1980 2574 esse
2003 2516 2227 2587 videatur,
2261 2538 2362 2604 cum
2385 2526 2668 2578 Menaecbm.

266 2597 447 2662 prolog.
482 2596 514 2643 7
550 2594 696 2642 dicat:

744 2659 899 2723 Atque
931 2659 1022 2707 hoc
1056 2666 1220 2723 poetae
1255 2658 1421 2707 faciunt
1455 2661 1502 2709 in
1535 2658 1806 2719 comoediis,

743 2729 902 2778 Omnis
936 2744 1013 2777 res
1048 2735 1202 2790 gestas
1239 2743 1344 2776 esse
1376 2728 1574 2778 Athenis·
1602 2734 1844 2790 autumant,

743 2797 848 2856 Quo
882 2797 1106 2845 Graecum
1140 2796 1276 2845 vobis
1309 2796 1418 2845 illud
1453 2797 1661 2846 videatur
1693 2799 1864 2859 magis·

739 2866 853 2929 Ego
883 2881 1100 2946 nusquam
1136 2865 1309 2926 dicam,
1342 2866 1440 2914 nisi
1464 2864 1539 2913 ubi
1574 2866 1737 2914 sactum
1759 2865 1945 2915 dicitur.
2032 2906 2034 2908 ,

264 2938 473 3011 adeoque
507 2942 601 2985 toto
636 2935 919 2997 Trinummo,
953 2936 1078 2984 cuius
1113 2933 1291 2983 fabulae
1324 2934 1411 2983 vel
1436 2933 1657 3000 prologus
1690 2941 1846 2997 restat,
1878 2934 2087 2986 Athenae
2122 2947 2342 2998 nusquam
2372 2950 2660 2985 commemo-

265 3015 445 3065 rantur,
496 3020 610 3053 unus
654 3005 871 3053 Piraeus
886 3003 1031 3052 semel
1074 3002 1241 3065 legitur
1282 3002 1399 3051 haud
1442 3003 1609 3068 procul-
1643 3018 1671 3050 a
1712 3003 1802 3052 line
1843 3003 2049 3052 hbulae
2068 3001 2193 3064 (IV.
2208 3003 2258 3064 4,
2295 3004 2414 3067 11);·
2461 3005 2598 3053 item·
2614 3006 2663 3053 in

264 3043 544 3125 Mostellaria
577 3080 761 3140 praeter
805 3073 895 3122 dno
941 3072 1132 3122 ιιοιιιίιιιι
1166 3071 1317 3120 Piraei
1361 3079 1408 3120 et
1448 3071 1727 3121 Athenarum
1759 3070 1836 3135 (Ι,
1872 3071 1921 3133 1,
1952 3070 2023 3120 63
2057 3077 2104 3120 et
2136 3071 2191 3119 V.
2228 3071 2277 3134 1,
2309 3073 2406 3138 24)
2447 3072 2573 3123 velut
2613 3074 2663 3123 in

263 3152 524 3193 transcursu
558 3149 915 3192 commemorata
942 3158 1006 3192 ne
1042 3138 1187 3191 verbo
1223 3138 1404 3205 quidem
1437 3148 1719 3207 spectatores
1754 3147 2012 3202 monentur,
2042 3139 2118 3188 ubi
2152 3155 2238 3190 res.
2252 3149 2439 3205 agatur..
2486 3140 2663 3202 Quodsi

264 3214 407 3264 voluit
441 3212 621 3262 Plautus
655 3227 823 3261 revera
858 3209 1035 3261 sideri
1057 3225 1247 3269 caveam
1279 3208 1483 3263 Athenas
1516 3211 1594 3258 vel
1627 3212 1675 3259 in
1709 3210 1846 3269 aliam
1876 3207 2059 3257 urbem
2070 3209 2294 3268 Graeciae
2334 3211 2662 3261 transmarinae
