2908 3552
1184 192 1652 253 ...19-

226 342 447 410 prologus
482 340 554 402 (v.
589 339 682 403 59)
716 339 1119 403 tragicomoediam
1151 340 1370 406 appellat,
1404 356 1467 391 ex
1498 339 1735 391 Rhintonis
1772 336 2001 391 Tarentini
2034 341 2112 397 vel
2145 339 2419 407 Syracusani
2449 339 2601 391 &abda

226 412 429 461 eiusdem
462 409 656 458 nominis
692 423 958 474 expressam
994 416 1151 459 censet
1179 408 1479 460 Neukirchius
1514 417 1560 459 et
1594 409 1837 475 Grysarius
1881 411 2205 473 (Doriensium
2246 410 2462 461 comoed.-
2493 424 2601 475 pag,

224 483 337 543 55),
371 492 561 542 quorum
583 479 887 525 coniecturam
910 479 1018 526 satis
1040 477 1322 542 probabilem
1344 481 1420 543 qui
1439 481 1831 544 impugnaverunt,
1863 479 2060 528 nondum
2081 479 2419 543 redarguerunt.
2462 478 2597 536 Quod

222 562 341 599 vero
364 546 576 595 Horatius
601 545 742 611 (Epp.
765 545 823 596 11.
849 545 897 608 1,
920 544 1013 609 58)
1048 545 1250 595 Plautum
1283 546 1349 596 ad
1384 547 1676 611 exemplar
1709 546 1893 596 Siculi
1927 562 2242 612 properare
2275 547 2594 613 Epicharmi

220 616 390 678 refert,
425 627 514 680 quo
548 615 596 663 in
627 629 769 664 versu
803 614 1159 680 interpretando,
1192 615 1282 665 dici
1314 617 1399 666 vix
1431 622 1597 681 potest,
1630 631 1762 680 quam
1796 615 2003 667 diversas
2037 617 2085 665 in
2118 617 2361 667 sententias
2392 617 2595 666 virorum

220 685 458 733 doctorum
491 683 694 733 sollertia
728 682 1013 745 discesserit,
1046 683 1105 732 ad
1146 685 1284 747 vitam
1316 692 1467 734 tamen
1498 699 1741 748 moresque
1771 699 2069 749 personarum
2102 683 2280 734 referre
2311 699 2406 734 non
2438 685 2597 745 ausim,

218 751 304 804 sed
337 750 624 801 intercedere
666 750 834 817 aliquid
876 752 1173 802 similitudinis
1205 755 1324 819 inter
1357 760 1590 820 utrumque
1622 759 1802 818 poetam
1822 751 2195 803 inveniendarum
2216 760 2262 803 et
2281 751 2594 821 pertexenda-

214 837 318 871 rum
351 819 600 871 fabularum
630 820 824 870 artificio
858 829 1060 886 apertum
1094 829 1184 871 est.
1242 820 1405 873 Maiori
1438 830 1586 871 autem
1618 821 1814 885 indicio,
1855 822 2121 872 Sicilienses
2158 822 2361 873 Graecos
2394 823 2595 872 Plautum

218 898 267 940 et
298 891 347 938 in
379 890 546 953 Magna
582 889 777 939 Graecia
810 889 1058 940 habitantes
1091 892 1305 939 imitatum
1338 906 1460 954 esse,
1492 890 1727 955 multiplex
1761 899 1830 940 est
1861 891 2068 940 locorum
2103 891 2381 941 Graecorum
2413 892 2463 940 in
2495 889 2596 939 Ita-

217 960 279 1008 lia
315 960 500 1008 sitorum
535 961 930 1021 commemoratio,
983 959 1205 1008 Graeciae
1249 962 1460 1009 exoticae
1504 959 1779 1022 (Menachm.
1813 960 1871 1008 11.
1908 961 1931 1008 1
1946 968 1966 1022 ,'
1999 960 2117 1022 10),
2167 977 2336 1025 parvae
2371 960 2597 1010 Graeciae

219 1028 426 1089 (Trucul.
461 1026 519 1076 ΙΙ.
555 1027 604 1093 6,
628 1028 738 1089 55),
773 1027 974 1089 Tarenti,
1009 1025 1281 1091 Campaniae
1313 1028 1636 1092 multarumque
1669 1027 1843 1077 urbium
1877 1030 1973 1077 eius
2007 1030 2288 1092 provinciae,
2322 1027 2488 1078 deinde
2509 1026 2596 1077 Si-

217 1096 376 1157 ciliae,
411 1094 767 1160 Syracusarum,
799 1095 1068 1157 Agrigenti,
1102 1095 1279 1145 Aetnae
1311 1097 1502 1158 montis,
1546 1096 1622 1160 qui
1656 1111 1788 1159 quum
1821 1111 1897 1145 res
1930 1095 2103 1160 Ephesi
2136 1097 2213 1158 agi
2246 1095 2434 1158 dicatur,
2466 1095 2597 1146 Militi

218 1164 560 1227 glorioso·(1V.
584 1163 633 1225 2,
659 1163 750 1225 73)
784 1177 869 1227 pro
906 1163 1160 1213 divitiarum
1192 1178 1402 1213 mensura
1437 1171 1529 1223 est3
1564 1178 1828 1228 quamquam
1860 1164 1907 1211 id
1942 1162 2122 1228 quidem
2155 1164 2332 1214 Plautus
2366 1180 2461 1214 non
2494 1164 2595 1214 sinu

218 1233 432 1298 exemplo
467 1233 657 1280 aliorum
692 1246 872 1296 quoque
904 1234 1134 1296 utriusque
1167 1232 1349 1295 linguae
1383 1235 1653 1298 scriptorum
1687 1247 1773 1297 pro
1817 1233 2013 1296 qualibet
2055 1248 2111 1282 re
2151 1248 2314 1295 magna
2345 1240 2481 1297 atque
2514 1233 2596 1282 in-

217 1302 343 1366 genti
378 1300 550 1350 dixisse
583 1300 763 1350 videtur
798 1300 1025 1366 (Euripid.
1058 1301 1194 1350 Herc.
1228 1301 1312 1350 fur.
1348 1302 1471 1362 6413
1504 1301 1735 1366 Aristoph.
1758 1301 1864 1349 Pac.
1887 1301 1968 1363 73,
2001 1300 2078 1350 ubi
2111 1316 2156 1352 v.
2179 1302 2340 1362 schol.;
2376 1300 2472 1350 Cic.
2496 1299 2595 1349 Se-

215 1377 333 1422 nect.
368 1370 445 1432 2),
477 1375 525 1417 ut
557 1369 665 1418 nihil
701 1368 847 1416 dicam
883 1369 941 1417 de
974 1371 1123 1431 Istria,
1157 1370 1390 1435 Hispania,
1423 1370 1639 1432 Massilia,
1671 1370 1842 1431 llluria,
1877 1369 2081 1419 omuibus
2115 1371 2208 1418 oris
2231 1370 2413 1432 Italicis,
2445 1370 2594 1418 mari-

217 1455 306 1503 que
340 1454 525 1503 supero,
559 1437 717 1503 quibus
750 1438 1012 1500 regionibus
1047 1439 1235 1486 fratrem
1268 1438 1608 1487 Menaechmum
1643 1440 1889 1503 quaesitum
1923 1453 2028 1489 esse
2051 1439 2230 1487 Plautus
2262 1440 2407 1501 fimn't,
2439 1439 2592 1504 posito

213 1511 263 1556 in
296 1509 463 1558 vicinia
496 1523 664 1556 scenae
698 1513 744 1554 et
776 1508 966 1555 actionis
999 1507 1119 1555 loco.
1185 1507 1391 1557 Indidem
1425 1507 1634 1555 crebrior
1666 1507 1932 1568 Agathoclis
1966 1510 2331 1556 commemoratio
2365 1510 2414 1556 in
2447 1507 2595 1557 Plauti

215 1576 389 1627 fabulas
423 1576 606 1641 irrepsit
640 1573 875 1638 (Pseudol.
909 1573 944 1624 Ι.
979 1575 1028 1638 5,
1065 1574 1187 1636 1183
1220 1575 1498 1628 Menaechm.
1532 1575 1590 1625 ΙΙ.
1624 1575 1674 1638 3,
1710 1574 1799 1636 58;
1842 1575 2036 1625 Mostell.
2068 1575 2151 1626 111.
2183 1574 2234 1639 2,
2265 1575 2387 1639 88),
2432 1583 2483 1625 ut
2512 1575 2594 1625 ille

213 1647 368 1709 magni
402 1645 589 1694 alicuius
622 1646 763 1693 instar
796 1645 922 1707 regis
954 1658 1059 1694 esse
1080 1644 1288 1694 videatur
1310 1653 1356 1694 et.
1376 1645 1593 1694 Romanis
1616 1645 1855 1706 notissimi,
1887 1652 2261 1695 commemoratas
2281 1651 2428 1694 autem
2450 1644 2595 1695 fuisse

214 1716 376 1765 Atticis
411 1715 559 1779 poetis
591 1728 685 1762 non
717 1712 937 1763 videatur.
1001 1713 1154 1778 Atque
1186 1713 1356 1762 Punice
1387 1715 1647 1779 loquentem
1679 1720 1910 1771 actorem,
1956 1715 2045 1763 nisi
2077 1721 2315 1764 statuemus
2356 1729 2385 1762 a
2427 1713 2588 1762 Plauto

213 1786 317 1851 ipso
351 1782 530 1832 fabulae
562 1781 742 1830 Atticae
775 1780 971 1830 'additum
1007 1796 1129 1844 esse,
1163 1784 1329 1848 quippe
1362 1784 1433 1830 cui
1468 1797 1639 1832 summa
1673 1783 1857 1832 occasio
1891 1781 2051 1832 fuisset
2071 1781 2253 1833 Poenos
2279 1780 2593 1846 cognoscendi

217 1867 468 1916 eorumque
499 1852 683 1913 ingenia
718 1850 902 1899 notandi
937 1850 1226 1913 (serviebant
1259 1853 1377 1900 enim
1411 1851 1589 1900 Romae
1620 1851 1757 1900 multi.
1814 1850 1883 1899 cf.
1907 1849 2001 1899 Cic.
2025 1851 2158 1900 Tusc.
2181 1851 2372 1912 111.22;
2404 1850 2594 1899 Poenul.

214 1922 331 1987 prol.
367 1920 464 1969 112
499 1936 588 1984 sq.;
621 1919 677 1968 V.
710 1918 760 1980 2,
797 1918 860 1967 17
895 1926 940 1968 et
973 1919 1084 1982 30),
1120 1918 1285 1968 Graeci
1321 1920 1501 1984 quidem
1533 1921 1619 1969 vix
1649 1920 1730 1968 ulli
1763 1920 1840 1968 alii
1863 1922 1910 1967 in
1932 1935 2072 1969 scena
2095 1927 2426 1984 spectavenmt,
2459 1927 2592 1968 extra

215 1991 412 2053 Magnae
446 1987 671 2038 Graeciae
705 1994 750 2036 et
783 1986 970 2036 Siciliae
1000 1987 1186 2054 theatra.
1252 1987 1313 2038 Et
1351 1990 1507 2039 nescio
1541 2003 1600 2038 an
1633 1987 1769 2038 multa
1800 1988 2053 2037 Atticorum
2083 1988 2275 2037 instituta
2308 1995 2354 2037 et
2387 2003 2592 2037 consue—

204 2060 417 2122 'tudineS,
451 2073 567 2123 quae
599 2058 647 2106 in
681 2056 895 2105 Plautinis
930 2056 1090 2106 fabulis
1123 2058 1296 2119 insunt,
1328 2072 1422 2108 non
1454 2057 1561 2107 ideo
1596 2073 1623 2106 a
1657 2064 1793 2123 poeta
1825 2063 2000 2106 retenta
2033 2064 2079 2105 et
2111 2057 2337 2106 celebrata
2370 2073 2477 2106 esse
2509 2057 2595 2106 vi·-

214 2127 421 2190 deantur,
455 2125 576 2191 quod
612 2132 963 2174 commemorata
996 2132 1149 2175 essent
1183 2126 1239 2174 ab
1273 2127 1330 2175 iis
1363 2128 1512 2192 poetis
1546 2126 1725 2189 Atticis,
1759 2142 1786 2173 a
1821 2125 1979 2188 quibus
2014 2125 2372 2174 adumbrationes
2407 2125 2593 2174 fabula-

212 2213 313 2247 rum
346 2197 425 2245 ille
458 2200 674 2243 mutuatus
708 2200 805 2241 erat
839 2193 1042 2258 (poterat
1076 2195 1195 2242 enim
1229 2209 1360 2243 more
1394 2209 1477 2243 suo
1511 2194 1715 2243 Romana
1749 2195 1944 2242 instituta
1978 2193 2286 2257 substituere),
2325 2194 2409 2243 sed
2443 2195 2592 2258 potius

213 2272 478 2333 propterea,
512 2261 634 2328 quod
668 2260 870 2311 eiusdem
901 2262 981 2311 vel
1013 2263 1206 2311 nominis
1239 2263 1319 2312 vel
1350 2264 1584 2329 potestatis
1617 2263 1811 2310 instituta
1845 2269 1891 2310 et
1923 2276 2075 2311 mores
2098 2263 2382 2311 innotuerant
2403 2269 2592 2327 specta-

214 2335 388 2386 toribus
433 2348 495 2383 ex
535 2332 688 2383 vicina
724 2331 916 2381 Graecia
958 2338 1032 2381 aut
1076 2347 1104 2381 e
1145 2330 1315 2380 Sicilia.
1381 2331 1517 2381 Velut
1549 2330 1715 2380 cottabi
1749 2331 1893 2380 lusum
1927 2333 2299 2381 commemoravit
2332 2339 2378 2381 et
2411 2331 2591 2397 quidem

215 2405 477 2453 ioculariter
512 2402 709 2450 Trinum.
740 2400 818 2450 IV.
854 2400 903 2460 3,
936 2400 986 2460 4,
1018 2415 1112 2448 non
1144 2406 1192 2447 ut
1223 2400 1385 2449 Atticis
1420 2397 1787 2464 perfamiliarem,
1820 2397 1969 2464 neque
2003 2399 2125 2462 quod
2149 2400 2355 2448 Philemo
2388 2402 2435 2448 in
2459 2401 2591 2449 The-

214 2488 351 2525 sauro
386 2469 551 2521 canabi
585 2469 857 2518 mentionem
890 2467 1090 2529 fecisset,
1123 2466 1205 2518 sed
1241 2469 1343 2532 quia
1367 2476 1464 2518 erat
1485 2467 1612 2529 illud,
1645 2475 1692 2517 ut
1725 2469 1786 2516 ait
1819 2466 2063 2516 identidem
2091 2468 2367 2530 AthenaeuS,
2400 2472 2593 2517 ,Σικελι-

211 2541 303 2592 κὸν
338 2540 572 2607 παίγνιον
607 2536 814 2600 (Jakohs
848 2537 1133 2586 Vermischte
1166 2534 1397 2585 Schrifleu
1431 2536 1559 2586 Tom.
1593 2537 1670 2585 VI.
1705 2551 1809 2600 pag.
1845 2535 1997 2599 109),
2032 2543 2076 2585 et
2109 2536 2308 2585 indidem
2341 2537 2590 2601 spectanti-

212 2612 296 2661 bus
332 2610 573 2671 cognitum.
638 2605 802 2669 Neque
828 2605 1054 2670 Apollinis
1077 2605 1249 2669 Agyiei
1281 2604 1551 2667 religionem
1583 2605 1663 2652 ille
1697 2605 1936 2669 aliquoties
1970 2606 2017 2652 in
2051 2605 2212 2654 fabulis
2251 2613 2300 2653 ut
2331 2606 2589 2654 Athenien-

213 2682 328 2732 sium
361 2677 593 2744 propriam
627 2673 919 2734 celebrasset,
952 2674 1038 2722 nisi
1072 2689 1127 2723 ea
1161 2673 1357 2722 cultores
1391 2672 1617 2722 habuisset
1652 2687 1784 2737 quum
1819 2672 1934 2721 alios
1961 2673 2167 2722 Graecos
2188 2681 2277 2721 tum
2300 2672 2591 2722 Doriensium

211 2755 374 2813 gentes
409 2744 589 2808 (Schol.
623 2743 681 2791 ad
715 2743 943 2808 Aristoph.
978 2743 1115 2808 Vesp.
1149 2742 1310 2803 907).ν
1343 2742 1455 2789 Item
1487 2738 1916 2809 γυναικοκόσμους
1938 2743 2041 2790 sive
2061 2739 2470 2808 γυναικονόμους,
2503 2743 2591 2790 nisi

211 2820 333 2867 forte
368 2815 478 2863 ludit
510 2816 557 2861 in
591 2812 699 2874 lege
734 2811 905 2874 Oppia,
958 2810 1016 2858 de
1061 2827 1145 2875 qua
1188 2809 1386 2858 tollenda
1431 2817 1477 2858 et
1519 2809 1783 2871 abroganda
1827 2809 2041 2856 Plautinis
2076 2810 2351 2872 temporibus
2385 2812 2589 2872 graviter

212 2887 425 2949 agitatum
460 2890 530 2931 est
564 2880 687 2942 (Liv.
721 2879 931 2928 XXXIV.
966 2895 1003 2926 c.
1041 2879 1066 2927 1
1096 2907 1155 2915 --
1181 2878 1259 2940 8),
1293 2893 1354 2926 ex
1387 2878 1539 2926 Attico
1574 2885 1710 2942 poeta
1743 2879 1789 2925 in
1823 2878 2102 2925 Aululariam
2137 2877 2244 2939 (ΙΙΙ.
2280 2880 2328 2938 5,
2363 2879 2429 2926 30
2463 2881 2587 2941 sqq.)

211 2952 424 3014 traduxit,
457 2966 551 3000 non
575 2947 695 3014 quod
728 2948 847 2996 illius
878 2948 1074 3011 vestigia
1107 2948 1326 3010 religiose
1359 2945 1588 3012 sequenda
1621 2953 1812 3011 putaret,
1847 2945 1930 2994 sed
1966 2948 2068 3011 quia
2101 2946 2146 2993 id
2174 2962 2318 3009 genus
2342 2948 2588 3009 magistra-

211 3033 349 3084 tuum,
385 3020 505 3085 quod
538 3018 754 3067 Romanis
787 3030 881 3065 non
915 3017 1010 3075 suit,
1045 3016 1287 3066 habebatur
1319 3023 1467 3065 tamen
1491 3014 1732 3080 Syracusis
1757 3015 2024 3079 (Phylarch.
2045 3031 2114 3079 ap.
2138 3015 2298 3064 Athen.
2321 3015 2421 3063 XII.
2446 3031 2484 3062 c.
2508 3015 2589 3063 20.

215 3094 332 3142 Tom
355 3090 432 3140 IV.
455 3103 558 3153 pag.
581 3087 734 3148 436);
768 3086 964 3150 itemque
996 3085 1297 3134 Demarchum
1330 3087 1529 3134 retinere
1561 3084 1707 3134 voluit
1737 3084 1817 3134 vel
1842 3085 2021 3133 Graeco
2046 3086 2245 3146 nomine,
2278 3100 2369 3132 non
2391 3091 2436 3131 ut
2459 3084 2587 3132 Atti-

214 3177 316 3209 cum
349 3159 671 3221 magistratum,
705 3153 787 3204 sed
821 3161 867 3202 ut
900 3154 1242 3218 Neapolitanum
1278 3154 1494 3215 (Ignarra
1529 3152 1587 3201 de
1621 3153 1789 3217 phratr.
1823 3168 1925 3216 pag.
1961 3152 2112 3214 223);
2145 3161 2277 3215 atque
2299 3152 2416 3199 adeo
2443 3151 2588 3216 Capi-

213 3230 311 3278 tolii
344 3241 512 3278 nomen
543 3223 798 3273 excusatius
833 3224 880 3271 in
911 3223 1084 3272 Atticas
1119 3222 1290 3272 fabulas
1324 3220 1393 3270 bis
1436 3222 1707 3286 importasse
1751 3220 2003 3281 videbitur,
2058 3222 2159 3284 quia
2195 3220 2462 3284 Capitolium
2496 3235 2589 3270 non

211 3297 387 3347 Romae
420 3302 587 3346 tantum
621 3298 733 3354 erat,
767 3307 928 3342 verum
963 3293 1096 3341 etiam
1131 3290 1312 3357 Capuae
1346 3288 1557 3353 (Sueton.
1594 3290 1737 3352 Calig.
1772 3290 1882 3353 57),
1915 3290 2167 3339 Beneventi
2192 3289 2402 3351 (Sueton.
2426 3289 2589 3339 Illustr.
