2908 3552
1281 168 1751 229 ...18-

323 311 532 377 aliunde,
566 331 700 381 quam
734 331 763 365 e
795 316 962 378 Magna
998 312 1192 364 Graecia
1226 313 1424 375 adscita,
1457 315 1537 364 vel
1572 330 1838 381 quemquam
1873 329 2033 364 eorum
2067 324 2324 381 poetarum,
2367 332 2480 384 quos
2513 318 2594 368 ille
2627 332 2715 368 se·

321 389 449 434 cutus
485 392 599 449 erat,
633 387 701 436 sic
733 386 858 451 loqm
889 384 1187 434 sustinuisse?
1246 382 1342 445 (Cf.
1366 383 1611 449 Phrynich.
1635 392 1680 434 et
1702 384 1900 434 Lobeck.
1923 400 1968 448 p.
1994 383 2094 433 227
2119 394 2165 435 et
2188 387 2340 450 638..)
2407 387 2555 436 Porro
2580 402 2714 452 quum

322 466 721 516 congraecare
755 451 994 517 (Bacchid.
1018 452 1096 502 lV.
1119 453 1170 514 4,
1193 453 1287 515 91)
1321 452 1400 501 ille
1435 468 1765 518 saepenumero
1801 451 2021 518 quosdam
2052 454 2136 502 vel
2164 458 2546 519 pergraecari
2576 455 2715 517 (Μο-

322 521 492 570 stenar.
525 523 604 572 IV.
640 523 689 584 2,
723 523 813 582 443
864 520 971 571 ibid.
1007 520 1042 570 1.
1079 521 1132 584 1,
1166 520 1227 569 21
1269 527 1314 569 et
1348 521 1437 570 61:
1485 521 1598 571 Dies
1633 529 1882 586 noctesque
1915 520 2078 582 bibite,
2118 526 2505 588 pergraecamini3
2549 524 2715 586 Bibite,

321 593 712 654 pergraecamini,
747 598 870 654 este,
905 589 1107 638 effercite
1140 605 1250 650 vos,
1285 591 1491 653 saginam
1527 591 1728 650 caedite,
1761 590 1974 640 Bacchid.
2007 590 2085 639 IV.
2121 591 2170 652 7,
2207 591 2295 652 15;
2330 592 2516 642 Poenul.
2551 593 2631 644 111.
2663 591 2715 655 2,

322 657 416 719 26;
451 658 708 708 Truculent.
742 659 777 709 1.
814 659 862 722 1,
896 658 989 720 69)
1025 657 1134 707 dicit
1167 666 1242 707 aut
1266 658 1489 707 Graeco
1523 674 1679 708 more
1711 659 1916 708 bibentes
1951 659 2187 723 aliquoties
2222 660 2390 709 inducit
2413 662 2565 722 (velut
2586 662 2715 711 Pers.

321 726 378 773 V.
413 740 476 775 sc.
513 727 568 788 13
614 726 752 777 Stich.
792 728 848 777 V.
883 743 946 777 sc.
980 727 1064 789 4),
1116 741 1211 776 ιιοιι
1243 735 1432 794 possunt
1465 730 1549 776 ista
1582 727 1807 777 vocabula
1840 726 1898 776 ad
1930 727 2183 776 Atticorum
2216 743 2370 777 mores
2405 729 2554 778 efficta
2589 736 2635 779 et
2666 731 2716 778 in

321 808 451 843 usum
482 802 671 862 recepta
703 796 871 859 videri,
906 809 1096 861 quorum
1129 796 1359 846 hominum
1393 798 1626 862 proprium
1662 804 1760 846 erat
1793 811 1886 846 non
1920 797 2201 862 ingurgitare
2234 813 2339 848 sese
2373 805 2420 847 et
2451 798 2610 848 lautius
2633 800 2715 848 in-

318 866 485 927 vitare,
519 866 604 915 sed
637 868 920 931 φιΛοκαλεῖν
952 865 1055 929 μετ’
1094 864 1333 921 εὐτελείας
1365 873 1410 914 et
1431 864 1852 929 μικροτραπέζους
1883 863 2033 924 εἶναις
2069 874 2114 915 at
2135 882 2228 916 ιιοιι
2250 867 2496 916 abhorrent
2518 883 2545 915 a
2570 867 2715 917 Cam—

319 948 542 998 panorum
577 934 782 999 quidem,
833 949 948 999 quos
990 948 1084 983 non
1127 949 1218 982 uno
1254 934 1359 982 loco
1396 941 1519 982 notat
1553 934 1759 996 Plautus,
1807 934 1887 984 vel
1920 933 2341 1000 Neapolitanorum,
2391 936 2469 986 vel
2508 943 2715 986 veterum

321 1000 636 1066 Sybaritarum
668 1005 1038 1067 intemperantia,
1089 1003 1168 1051 vel
1203 1005 1335 1051 etiam
1371 1003 1651 1064 Siculorum,
1704 1018 1817 1066 quos
1861 1003 2127 1053 libidinosos
2174 1012 2219 1053 et
2260 1005 2539 1069 voluptarios
2574 1005 2716 1056 fuisse

320 1077 369 1119 et
403 1070 585 1119 aliunde
618 1078 820 1132 constat,
856 1079 901 1120 et
935 1073 997 1119 ait
1030 1071 1209 1119 Plautus
1243 1071 1434 1119 Rudent.
1468 1072 1648 1134 prolog.
1684 1072 1762 1119 54.
1828 1070 1942 1118 Nam
1978 1087 2040 1119 ex
2073 1073 2326 1120 Atticorum
2359 1075 2483 1121 vitae
2516 1075 2714 1121 rationi-

320 1136 406 1186 bus
441 1154 556 1202 quae
591 1146 637 1187 et
671 1139 815 1202 qualis
851 1139 986 1187 fuerit
1022 1139 1198 1186 Graeca
1234 1141 1534 1202 compotatio,
1579 1138 1694 1185 Solo
1729 1140 1829 1201 ipse
1865 1138 2070 1198 docebit,
2112 1155 2204 1187 non
2239 1140 2317 1187 ille
2351 1143 2580 1205 antiquus,
2631 1141 2713 1189 sed

322 1221 456 1270 quem
496 1221 591 1256 non
635 1207 775 1255 multo
823 1215 926 1257 ante
970 1206 1114 1256 Plauti
1160 1213 1349 1256 aetatem
1392 1208 1439 1256 in
1485 1222 1669 1257 scenam
1712 1205 2012 1273 prodeuntem
2052 1208 2161 1257 fecit
2193 1209 2357 1259 Alexis
2394 1210 2538 1274 (apud
2561 1209 2713 1258 Athe-

319 1290 482 1326 naeum
515 1274 574 1324 X.
608 1291 648 1325 c.
682 1275 797 1339 383:

1274 1363 1401 1410 Τοῦτ’
1428 1363 1544 1414 ἔσθ’,
1574 1363 1696 1423 δρᾷς,
1718 1363 1957 1424 Ἐλληνικὸς

861 1446 1027 1499 Πότος,
1054 1450 1257 1503 μετρίοισι
1284 1449 1520 1503 χρωμένους
1546 1450 1765 1505 ποτηρίοις

860 1529 1029 1575 Λαλεϊν
1057 1546 1097 1572 τι
1125 1532 1197 1572 καὶ
1225 1528 1368 1585 ληρεῖν
1397 1526 1509 1584 πρὸς
1537 1526 1691 1580 αὖτοὺς
1717 1526 1859 1585 ἡδέως.

864 1608 930 1653 Τὰ
953 1612 1035 1666 μὲν
1060 1608 1144 1666 γὰρ
1172 1611 1333 1664 ἕτερον,
1362 1608 1518 1664 λουρόν
1545 1608 1679 1660 ἔστιν,
1734 1607 1787 1652 οὗ
1815 1607 1961 1659 πότος,

864 1690 1052 1748 Ψυκτῆρι
1079 1692 1226 1734 πίνειν
1253 1692 1328 1731 καὶ
1353 1687 1521 1741 κάδοις,
1549 1689 1748 1740 θάνατος
1774 1691 1856 1745 μὲν
1884 1687 1975 1733 οὖν.

321 1792 441 1852 Quid
474 1792 626 1855 ergo?
676 1791 868 1840 huiusne
902 1792 1107 1840 convivii
1139 1792 1279 1841 Attici
1312 1792 1567 1857 propositio
1613 1796 1659 1838 et
1700 1792 1917 1855 cogitatio
1951 1797 2026 1840 aut
2067 1805 2236 1842 nomen
2278 1805 2644 1855 congraecan
2657 1790 2711 1842 di

318 1863 495 1914 invenit
535 1869 610 1911 aut
650 1862 698 1910 in
739 1861 883 1909 Plauti
928 1860 1103 1910 fabulas
1148 1876 1201 1910 se
1233 1860 1510 1910 insinuavit?
1581 1859 1667 1917 Qui
1708 1875 1770 1908 ne
1807 1867 1946 1923 negat
1981 1859 2163 1925 quidem
2195 1862 2322 1925 ipse,
2371 1860 2712 1910 Atheniensium

318 1947 373 1983 se
405 1946 561 1980 mores
594 1932 643 1980 in
677 1929 941 1995 quibusdam
976 1928 1237 1979 deseruisse
1272 1927 1449 1991 [Casin.
1482 1928 1565 1976 III.
1598 1930 1647 1989 5,
1682 1928 1802 1991 24),
1834 1929 2247 1992 Menaechmosque
2280 1931 2568 1992 graecissare
2603 1932 2713 1994 qui-

317 2000 441 2061 dem,
475 2015 563 2048 nec
595 2006 746 2048 tamen
779 1999 1060 2059 atticissare,
1083 1997 1167 2047 sed
1201 1998 1574 2048 sicilissitare
1608 1996 1770 2046 fatetur
1806 1997 2013 2063 (prolog.
2046 1996 2275 2061 7—12),
2307 2013 2400 2047 non
2435 1998 2555 2062 quod
2589 1998 2712 2048 illam

316 2051 514 2118 fabulam
549 2068 605 2117 ab
639 2069 821 2132 aliquo
827 2065 984 2115 Siculo
1017 2075 1155 2131 poeta
1190 2068 1455 2131 sumpserit,
1497 2065 1653 2130 (quod
1689 2065 1870 2130 quidem
1904 2082 2006 2115 eum
2041 2066 2235 2128 fecisse,
2273 2081 2367 2116 non
2399 2066 2536 2115 modo
2571 2066 2710 2117 fi‘rmis

302 2139 612 2205 argumenti&
645 2136 728 2186 sed
762 2151 823 2185 ne
857 2137 1117 2184 coniectura
1153 2136 1334 2200 quidem
1370 2134 1669 2183 demonstrari
1691 2137 1884 2199 potest,)
1919 2134 2004 2185 sed
2027 2136 2130 2198 quia
2152 2142 2246 2183 tota
2268 2136 2386 2183 actio
2411 2133 2709 2199 Syracusis

318 2215 445 2268 orta,
489 2206 655 2253 deinde
688 2205 933 2252 Tarentum
968 2211 1013 2251 et
1045 2203 1343 2268 Epidamnum
1376 2202 1578 2251 traducta
1611 2210 1844 2267 postremo
1877 2204 2125 2253 revertitur
2158 2202 2504 2267 SyracusaS,
2555 2205 2710 2252 conti-

317 2282 486 2339 netque
520 2274 668 2322 fabula
701 2288 795 2321 ιιοιι
829 2272 967 2320 modo
1002 2270 1260 2321 Siculorum
1293 2287 1453 2334 regum
1486 2272 1669 2320 nomina
1700 2278 1747 2320 et
1780 2273 2099 2321 successiones
2143 2271 2228 2334 (ΙΙ.
2263 2271 2313 2326 3.
2348 2270 2414 2319 58
2448 2287 2545 2335 sqq.
2546 2274 2590 2335 ),
2626 2272 2710 2321 sed

316 2346 455 2393 etiam
480 2342 871 2407 Syracusanorum
892 2340 1141 2405 navigandi
1165 2355 1511 2406 quoquoversus
1536 2341 1913 2406 opportunitatem
1937 2340 2022 2403 (11.
2049 2340 2099 2403 1,
2127 2339 2153 2389 1
2172 2368 2233 2377 --
2247 2327 2364 2403 16),
2397 2342 2708 2390 nauticormn-

318 2429 409 2477 que
444 2413 673 2460 hominum
704 2424 858 2459 mores
894 2417 939 2458 et
973 2425 1211 2459 sermones
1245 2411 1330 2471 (ΙΙ.
1353 2409 1402 2471 2,
1431 2410 1497 2458 69
1521 2425 1612 2472 sq.;
1647 2409 1697 2469 3,
1721 2408 1813 2469 873
1848 2408 1898 2470 2,
1922 2410 2028 2471 75).
2096 2408 2224 2458 Idem
2257 2407 2455 2457 Siculum
2489 2409 2708 2458 ludicrum

316 2481 397 2531 vel
433 2479 786 2529 Sicilienses
821 2478 1014 2542 logOS,
1046 2485 1094 2527 ut
1129 2479 1382 2528 deteriores
1418 2477 1600 2542 quidem
1633 2477 1815 2539 Atticis,
1849 2476 1932 2527 sed
1954 2484 2103 2527 tamen
2124 2479 2185 2526 ita
2209 2486 2530 2526 commemorat
2554 2478 2709 2539 (PerS.

313 2551 400 2603 111.
434 2550 489 2610 1,
526 2550 645 2610 67),
695 2554 743 2596 ut
788 2562 870 2595 eos
914 2547 1240 2611 spectatoribus
1285 2548 1374 2595 iam
1409 2546 1590 2596 aliunde
1624 2553 1670 2594 et
1704 2545 1902 2595 sortasse
1936 2544 2079 2595 Plauti
2110 2546 2250 2610 ipsius
2285 2561 2428 2610 opera
2460 2547 2709 2596 innotuisse

315 2620 647 2679 intelligamuS,
681 2615 873 2679 perinde
907 2631 962 2662 ac
998 2616 1432 2662 Tarentinorum
1468 2615 1676 2662 ludormn
1713 2614 2015 2674 (Menaechm.
2046 2615 2161 2678 prol.
2184 2614 2277 2677 29)
2301 2615 2400 2662 sine
2435 2613 2570 2662 dubio
2595 2630 2708 2663 sce-

315 2688 431 2736 nicis
470 2699 651 2750 quoque
685 2683 848 2731 fabulis
885 2682 1132 2731 celebrium
1166 2684 1332 2731 mentio
1367 2684 1486 2732 sacta
1522 2690 1603 2733 est.
1672 2680 1790 2740 Quid
1834 2682 1953 2748 quod
1988 2690 2124 2733 totam
2148 2682 2540 2749 Ammitruonem,
2575 2698 2707 2748 quam

433 2873 599 2913 codices
629 2874 866 2913 constanter
893 2871 970 2913 rai
997 2868 1206 2923 praebent.
1264 2866 1479 2909 Postremo
1509 2867 1741 2909 Plautinum
1771 2865 2046 2908 iusiurandum
2074 2865 2137 2923 μὰ
2165 2865 2242 2912 τὸν
2265 2865 2465 2912 Ἀπόλλω
2494 2868 2581 2924 Cap
2583 2873 2612 2911 t.
2640 2868 2709 2911 lV.

432 2932 475 2978 2,
513 2930 604 2977 190,
634 2930 744 2982 quod
774 2941 914 2983 parum
944 2929 1122 2967 scienter
1150 2926 1456 2967 Lindemannus
1486 2926 1665 2966 mosten.
1693 2925 1760 2966 lV.
1784 2926 1824 2974 2,
1844 2925 1898 2966 57
1929 2925 2088 2967 defendi
2119 2930 2247 2981 putat,
2276 2926 2403 2967 attero
2434 2927 2524 2968 loco
2552 2932 2709 2969 mutan·

432 2988 529 3029 dum
559 2989 598 3027 in
629 2992 701 3030 ναὶ
728 2985 806 3029 τὸν
829 2984 1031 3029 ’Λπόλλω
1058 2990 1099 3025 ct
1135 2985 1295 3037 syntaxi
1323 2984 1572 3039 ‚lpostulante
1610 2984 1758 3024 aientis
1796 2984 2071 3032 iurisiurandi,
2117 2998 2249 3039 neque
2289 2984 2528 3039 prohibente
2567 2990 2707 3034 metro,

431 3048 560 3088 altero
590 3046 681 3086 loco
710 3045 962 3085 retinendum
993 3047 1071 3083 est.
1126 3041 1231 3083 Nam
1260 3043 1342 3097 μά,
1385 3057 1463 3083 ιιοιι
1493 3042 1766 3097 praecedente
1795 3043 1990 3095 particula
2018 3045 2111 3092 ναί,
2151 3044 2191 3082 in
2221 3043 2455 3084 affirmativo
2484 3043 2706 3084 iuramento

432 3118 605 3160 ponere,
635 3105 692 3145 ita
722 3104 911 3144 abhorret
943 3116 1021 3143 non
1052 3101 1144 3142 dieo
1174 3114 1198 3141 a
1228 3100 1510 3149 Doriensium,
1538 3100 1617 3141 sed
1646 3100 1698 3140 ab
1729 3101 1900 3141 omnium
1933 3100 2036 3141 benc
2066 3100 2224 3142 Graece
2254 3101 2502 3154 loquentium
2532 3115 2631 3149 usu,
2662 3106 2707 3142 ut

431 3168 527 3204 ante
558 3161 729 3209 Liburni,
758 3161 1033 3215 Alciphronis‚
1062 3160 1310 3199 Aristaeneti
1339 3159 1590 3212 aliorumque
1618 3158 1876 3199 senescentis
1907 3157 2103 3199 Graeciae
2131 3160 2371 3213 scriptorum
2394 3163 2576 3211 tempora
2597 3173 2708 3213 pror-

430 3234 507 3260 sus
537 3221 758 3260 inauditum
790 3220 845 3259 sit
875 3220 940 3267 (ci.
973 3217 1149 3258 Brunck.
1176 3216 1230 3256 ud
1248 3216 1454 3270 Aristopb.
1485 3217 1661 3270 Lysistr.
1692 3216 1776 3257 ⁴65
1808 3219 1849 3256 et
1877 3215 2044 3259 Jacobs.
2075 3216 2128 3257 ad
2143 3215 2289 3262 Acbill.
2320 3214 2525 3264 Tatvtn,
2548 3217 2606 3269 ⁵),
2636 3230 2702 3259 ne·

431 3292 512 3333 que
543 3277 715 3320 Plautus
743 3281 815 3319 aut
843 3281 978 3319 aetate
1007 3279 1080 3319 aut
1108 3275 1334 3318 eruditione
1361 3278 1399 3317 is
1429 3279 1508 3323 est,
1537 3276 1606 3329 qui
1635 3275 1842 3329 inquinate
1871 3275 2034 3316 locutus
2061 3274 2189 3323 videri
2219 3275 2366 3330 possit.
